2676 4710
270 328 453 376 nnnnnnn
478 328 951 378 nnenen.sou.1V.so.1.
1077 316 1162 379 1457

61 482 95 518 ea
111 466 192 517 dictio
211 466 332 529 delenda,
347 482 404 532 qnae
423 482 471 519 nec
487 468 514 518 in
526 468 592 519 libro
633 469 700 517 troni
717 474 747 519 et
762 467 905 518 defensoris
921 468 1059 520 ostendere
1071 469 1164 519 debuit
1252 528 1255 533 ¹

60 543 189 593 Bembino
200 549 251 592 est.
270 543 388 593 Fn'e'rnus.

94 621 140 669 Sin
150 619 230 674 older,
241 617 293 681 iso]
311 619 405 668 Servat
422 633 481 667 snos
493 633 592 668 mores:
633 622 820 684 quamprimum
837 621 940 672 solnm?
956 623 974 672 i.
992 638 1015 673 e.
1031 631 1060 672 ut
1079 624 1105 673 in
1117 625 1163 687 jus

61 702 92 744 nt
110 699 187 743 antea
208 693 328 742 dixerat:
352 693 391 741 ain
411 694 482 742 uliter
502 696 594 744 unimur
635 709 732 757 vocem,
753 711 856 746 causam
875 698 1022 761 adjudices
1036 696 1165 750 deferam.

61 774 192 830 uerterent,
202 771 243 831 isc.
261 767 343 816 noluit
352 768 420 816 enim
431 769 469 815 vir
480 769 593 832 optimus
634 772 766 821 Boerlerus.
785 812 788 817 .

62 845 215 908 desperare,
233 842 294 908 quin
311 840 428 891 facturus
450 849 520 892 esset
540 841 594 891 offi·
667 851 683 895 6
703 846 960 911 thuidugnmqnnm
969 849 1164 913 prisnumsoiuns]

62 922 131 971 oium
153 918 244 980 Micio,
267 919 300 968 ad
321 934 397 983 quem
417 921 519 969 Demea
539 934 596 969 rem
634 922 750 985 Mature,
771 936 854 987 neque
876 924 1057 982 comminatur,
1079 939 1164 989 neque

61 1000 211 1063 rejecernt3
229 996 309 1045 sedai
324 1003 411 1047 tamen
427 1003 523 1060 prester
539 997 594 1060 opi·
634 1011 739 1060 segnem
751 997 866 1046 ostendit
876 1011 903 1047 se
915 996 980 1048 fore.
997 1000 1117 1049 Donatus.

59 1072 164 1123 nionem
182 1071 408 1135 tergiversaretur,
422 1072 534 1122 animum
547 1086 593 1135 pa·
1162 1082 1164 1086 ·

486 1319 640 1385 ACTUS
685 1320 750 1383 lV.

95 1519 187 1569 Sciens
198 1533 217 1569 t.
249 1519 361 1570 lambini
378 1524 439 1570 sunt
455 1517 593 1570 octonarii.
633 1523 694 1566 ente
711 1532 787 1582 qnam
808 1516 935 1568 inferatur
952 1517 1019 1584 quod
1038 1517 1164 1582 seqnitur.

59 1608 147 1644 unns:
163 1595 265 1644 dimeter
282 1595 386 1644 luorizon.
408 1609 447 1644 rs.
463 1598 487 1643 2.
504 1607 593 1643 omnes
634 1593 756 1641 Donatus.

60 1671 131 1719 Mss.
143 1671 241 1720 nostri:
258 1685 318 1720 nuno
333 1676 414 1720 nutem
429 1667 541 1719 momine
556 1683 594 1718 vs.
667 1671 682 1715 ³
701 1668 771 1723 Quod
789 1682 841 1716 rum
860 1668 935 1717 solute
957 1667 1007 1729 ejus
1018 1666 1080 1732 fiet]
1103 1667 1162 1716 Hoc

60 1749 88 1795 4.
108 1759 214 1795 omnes:
234 1761 331 1810 prorsuis
349 1761 362 1796 e
377 1748 436 1796 lecto
455 1759 508 1808 neq.
524 1757 593 1806 surg.
634 1749 745 1792 nonest
763 1741 849 1792 odisse
869 1749 983 1807 patrem:
1002 1743 1047 1794 sed
1065 1747 1164 1793 tautum

60 1836 101 1869 vs.
113 1825 138 1870 6.
149 1836 248 1883 omnes,
257 1828 287 1871 nt
295 1821 432 1871 edidimus.
441 1836 479 1871 vs.
489 1825 515 1871 9.
526 1819 593 1869 duo:
636 1821 727 1870 timere
747 1834 780 1870 ex
798 1821 903 1884 proprio
921 1820 1027 1869 delicto.
1048 1826 1166 1868 servatur

57 1895 131 1957 prius
149 1910 197 1944 nox
207 1896 358 1959 oppressisset
373 1891 466 1959 putrem
481 1893 540 1943 illio.
558 1907 595 1942 vs·
635 1897 702 1946 enim
721 1897 746 1943 in
763 1909 794 1945 eo
815 1902 842 1944 et
861 1911 932 1946 amor
948 1895 1004 1960 filii,
1021 1903 1049 1946 et
1070 1894 1165 1945 umoris

61 1972 195 2020 luimusz
211 1971 384 2020 1111111111ιοὶ11
399 1975 507 2019 mentem.
525 1968 593 2018 dno:
635 1967 754 2020 effectus.
774 1971 850 2020 idem.
1193 1982 1196 1987 '

59 2044 126 2093 ntntl
142 2059 172 2094 ne
190 2042 224 2095 in·
237 2051 315 2095 mente
331 2051 381 2095 est?
397 2050 425 2095 et
436 2058 510 2094 mox:
528 2047 595 2092 tunto
670 2047 738 2102 Quod
748 2062 800 2095 cum
817 2049 891 2096 selme
902 2046 1081 2111 ejusfiut.tsr.]
1102 2046 1166 2099 Cor·

60 2119 161 2182 nequior
171 2134 205 2170 es.
221 2136 258 2171 vs.
270 2126 311 2171 14.
329 2121 396 2171 dno:
414 2122 477 2171 lsisee
488 2126 514 2169 ut
526 2135 596 2183 opero
636 2122 720 2172 rectio
731 2121 896 2186 φιλόστοργος.
915 2122 1058 2172 Furnutius.

61 2197 88 2245 d.
102 2211 122 2245 s.
143 2211 180 2245 vs.
198 2201 238 2246 16.
257 2211 363 2247 omnes:
380 2197 434 2246 nul.
450 2214 475 2260 q.
492 2197 546 2246 nell.
568 2200 595 2245 ut
668 2201 684 2246 1
705 2198 738 2246 Ut
749 2198 829 2247 triduo
840 2199 882 2248 loc
891 2196 1014 2261 perpetuo]
1035 2197 1175 2265 Quantum·

60 2270 136 2319 etiarn
153 2287 178 2320 n.
197 2286 234 2322 rs.
253 2276 294 2322 21.
312 2287 416 2323 omnes:
432 2288 484 2336 pre
497 2273 595 2335 gaudio.
637 2272 747 2322 sufficiat
757 2274 845 2322 amori.
863 2273 958 2322 etenim
973 2286 1023 2321 non
1035 2287 1099 2335 opus
1111 2276 1168 2320 erat

61 2352 92 2395 et
110 2360 185 2395 mox:
203 2347 323 2409 quidnam,
335 2347 363 2397 S.
381 2350 449 2411 lupus
464 2354 501 2398 est
516 2349 542 2396 in
552 2347 596 2404 su·
633 2353 744 2411 perpetuo
765 2346 864 2410 dicere,
885 2348 907 2396 si
927 2348 1032 2396 iuduunt
1050 2345 1167 2396 dixisset.

62 2421 128 2470 buln.
140 2425 229 2489 11123.
241 2420 307 2470 dito:
319 2421 422 2484 polines
435 2426 460 2470 ui
472 2423 522 2470 dee.
636 2424 756 2471 Donatus.

96 2496 217 2547 Hoeoest
233 2511 320 2559 scena,
333 2511 391 2561 qun
410 2497 596 2560 Ctesiphonem
668 2503 683 2546 6
701 2500 736 2546 Et
748 2499 816 2553 istoc,
830 2498 852 2546 si
867 2497 924 2561 qnid
938 2496 1001 2560 potis
1017 2501 1053 2544 est
1069 2494 1169 2558 rectius]

61 2573 225 2625 demonstret
237 2572 378 2637 precipue,
387 2573 486 2630 rudem,
499 2572 595 2635 simpli·
636 2574 719 2622 Deest
730 2573 794 2622 addi.
812 2586 869 2620 nam
882 2573 903 2620 si
915 2578 1026 2620 mortem
1041 2569 1169 2633 significa·

63 2662 131 2709 cem,
147 2647 248 2698 liberali
259 2648 379 2712 ingenim
396 2649 429 2697 asi
440 2647 556 2698 facinora
568 2652 596 2698 et
636 2653 687 2708 ret,
697 2661 748 2697 non
761 2647 914 2696 conveniret
929 2645 1120 2696 adolescentem
1133 2646 1170 2695 ita

63 2721 170 2775 frendes
182 2723 330 2774 indocilem.
347 2724 477 2773 Boeclerns.
636 2722 740 2772 dieere:
759 2721 863 2772 videtur
881 2722 948 2771 enim
967 2722 1024 2786 plns
1043 2720 1169 2785 temporis

97 2799 157 2850 Ain’
175 2806 269 2865 putrem
288 2801 344 2850 ltine
362 2801 439 2850 otiose
459 2801 513 2864 rus]
546 2803 597 2852 Hie
636 2806 742 2863 optasse
754 2799 881 2862 languori.
898 2798 973 2848 ldem.

64 2875 198 2926 ostenditur
215 2876 333 2926 timiditas
354 2877 407 2926 toni
423 2878 597 2942 adolescentuli,
669 2875 733 2924 istor
750 2876 839 2938 siquid
848 2876 912 2938 potis
922 2879 958 2922 esi
969 2872 1070 2936 rectius]
1096 2874 1168 2926 Mor·

64 2958 88 3002 st
107 2953 195 3002 serti'
212 2968 236 3003 se
256 2957 288 3004 ud
304 2956 446 3016 pecundum
466 2970 497 3004 en
514 2955 598 3005 delicti
638 2958 688 3001 tem
701 2951 734 3000 nb
745 2950 863 3013 improbo
879 2963 956 2998 servo
970 2947 1110 3010 significari
1123 2962 1167 2996 vo·

64 3027 250 3092 conscientiam
265 3028 396 3077 reverentie
408 3028 516 3091 parentis
525 3044 596 3092 uppu-
637 3027 712 3075 lunt:
736 3023 804 3088 qnod
824 3023 883 3087 qnia
902 3028 1031 3086 praesente
1050 3021 1104 3070 filio
1121 3022 1168 3070 im·

64 3107 112 3152 ret.
145 3103 277 3153 Item'mos
294 3117 403 3152 verorum
420 3108 519 3166 patrum
534 3105 598 3153 drea
638 3096 1168 3162 portunum,videturavertissesencte·

56 3177 214 3243 fllioaftlyro
232 3179 345 3228 Demeam
363 3178 516 3229 describente.
544 3180 597 3228 Do·
636 3173 978 3237 siphoneeMmutNartar.
992 3172 1095 3222 Lecti·
1108 3186 1166 3225 xvi.

66 3260 152 3304 natus.
638 3264 661 3300 e.
672 3255 696 3299 ’1.
714 3249 855 3299 namatius.

101 3334 115 3379 1
133 3328 191 3379 Ain'
200 3335 294 3393 putrem
305 3330 359 3380 luisse
370 3329 444 3379 aliem
454 3328 505 3391 rus]
523 3329 598 3380 Com·
669 3330 685 3375 6
703 3326 768 3374 Nom
779 3325 840 3374 luno
856 3326 918 3373 diens
936 3323 1020 3372 misere
1035 3323 1109 3372 nimis
1128 3338 1167 3371 ru·

66 3405 164 3469 pendio
176 3407 332 3468 ostenditur,
344 3406 405 3471 quid
422 3406 455 3455 sit
463 3405 518 3469 jem
531 3406 600 3456 loen·
636 3399 688 3464 pio]
705 3399 834 3449 Moriatur
846 3399 963 3448 scilieet:
976 3405 1004 3447 et
1013 3397 1063 3446 lton
1075 3398 1167 3449 adver-

68 3488 142 3531 tnrus
152 3483 242 3546 Syros.
266 3482 341 3531 Idem.
638 3492 680 3527 sus
692 3491 794 3525 servum
805 3475 885 3524 (lebet
901 3474 996 3534 dicere,
1013 3487 1045 3521 ne
1063 3471 1169 3522 indeno·

101 3563 117 3606 2
136 3559 206 3607 Nune
222 3573 274 3607 eum
290 3570 400 3606 maxume
416 3554 492 3618 operis
508 3554 600 3618 oliuuid
638 3569 694 3603 rum
716 3552 888 3603 adolescentis
909 3564 1026 3613 personne
1049 3549 1093 3611 sit,
1111 3548 1167 3601 haes

63 3636 145 3694 faeere
155 3634 235 3695 medo]
252 3633 320 3682 Vide
331 3631 403 3696 qnasi
415 3628 496 3691 iliona
507 3629 598 3678 verbo·
638 3629 675 3679 ita
686 3628 789 3678 dixisse.
807 3626 922 3691 qtramvis
939 3623 1065 3688 ejusmodi
1082 3621 1168 3672 adole·

67 3725 124 3759 rum
145 3708 203 3771 Syri
220 3722 287 3767 esse,
303 3707 337 3755 de
353 3721 433 3769 opere
450 3706 536 3770 loqni:
560 3705 598 3754 sio
639 3713 740 3755 scentes
755 3703 880 3753 inducant
898 3701 998 3750 comici.
1014 3704 1043 3747 nt
1062 3697 1168 3747 Naevius

67 3787 137 3836 enim
147 3783 251 3832 dicitet
261 3783 375 3832 Demea.
391 3781 435 3830 sed
451 3780 514 3830 illud
525 3780 598 3838 falso,
641 3783 666 3831 in
676 3780 824 3830 Tribaselo:
849 3779 936 3827 ‘Deos
953 3790 1052 3840 qtsaeso,
1068 3781 1098 3824 ut
1116 3774 1168 3823 ndi·

68 3858 208 3911 lsoeserio.
226 3857 300 3907 idern.
638 3862 710 3906 mant
731 3860 758 3904 et
779 3860 881 3918 patrem
903 3859 931 3902 et
948 3857 1057 3901 matrem
1080 3849 1168 3899 meos?

104 3937 168 3984 Eum
188 3932 309 3994 maxume]
331 3929 387 3980 ‘on
403 3928 517 3991 μάλιστα.
553 3930 597 3980 ΑΙ.
639 3934 755 3982 Donatus.

68 4028 121 4061 mem
128 4010 239 4060 momine.
259 4005 408 4058 Farnabius.
672 4005 764 4054 Misere
774 4002 845 4051 nimir
853 3997 932 4064 cupio]
951 3999 1034 4050 Nimis
1045 3997 1168 4061 abundat,

107 4090 204 4137 Utinam
227 4083 332 4150 quidem]
365 4082 437 4146 Apud
456 4082 538 4131 nillum
556 4081 599 4145 sit,
639 4095 712 4131 more
722 4079 888 4139 comicorum,
900 4076 943 4139 qtti
960 4075 1009 4124 hoe
1020 4074 1090 4123 dicto
1101 4086 1168 4123 asse·

71 4164 285 4224 subaudiendum,
317 4169 344 4211 et
381 4159 600 4224 distinguendum,
639 4155 797 4206 venationem
808 4152 983 4203 inculcabant.
1000 4150 1074 4199 iden.

135 4242 401 4308 verumtanem.
580 4237 674 4287 Terent.
1045 4236 1060 4279 t
1080 4231 1101 4279 Z
