2676 4710
192 304 279 369 1044
539 316 646 365 norm
671 316 869 366 samonum
893 316 932 365 ru

191 462 293 523 rebam,
302 458 455 522 cogitabam,
466 457 607 507 versabam.
623 458 697 507 Idam.
754 459 806 508 tico
816 473 896 523 more,
906 459 1048 523 peregrinae
1056 459 1154 508 mulieri
1167 460 1281 525 apatra‘a

226 538 308 599 Certe]
326 536 387 583 Sine
400 533 494 583 dubio:
511 549 559 596 pro
570 540 642 583 corto
653 548 714 598 eap-
751 550 844 584 nomen
859 537 988 600 imposuit.
1022 537 1057 585 Et
1073 537 1147 585 simul
1158 539 1280 589 celebrat

192 619 235 663 tua
247 618 299 660 est:
317 608 454 669 tammam.
472 609 546 658 Idem.
750 624 843 660 nomen
855 612 1004 673 Comoediae,
1015 610 1134 670 diceudo,
1146 614 1187 660 Ex
1195 612 1279 661 Andro

226 689 314 750 Captus
332 687 381 749 eat]
399 686 515 734 Tenetur
534 692 561 734 et
582 684 713 734 irretitur:
750 690 929 749 commigrauit:
952 695 979 738 et
998 703 1076 748 nuno,
1099 689 1165 736 Nam
1175 687 1279 737 Andriae

191 779 225 814 ax
237 761 401 812 translatione
411 761 533 823 ferarum,
549 766 627 825 atque
639 775 714 809 vena·
749 763 787 811 illi
797 763 822 811 id
833 769 885 813 erat
895 780 983 815 nomes.
1000 763 1082 814 Idem.

190 845 241 889 tus.
257 838 332 888 Idem.
782 842 814 887 ol
839 839 899 894 Ebu,
929 840 986 902 quid
1012 837 1164 901 Pampltilns]
1188 839 1278 888 Primo

224 916 314 979 Captae
323 913 531 977 eat]Sallustins:
547 912 714 977 ‘Sinoaptus
750 914 788 963 aio
810 915 874 977 egit,
895 925 924 969 ut
948 917 980 965 de
1002 916 1137 979 Pamphilo
1157 929 1277 978 qnaerere

189 993 280 1055 pravis
291 988 471 1053 cupidinibus.’
488 989 564 1038 Idem.
749 989 894 1040 videretur:
908 992 939 1039 ml
951 992 1067 1040 ultimum
1077 990 1174 1053 adjecit
1183 1005 1277 1040 nomen

219 1066 362 1130 Coptaaest]
370 1067 492 1125 Tenetur,
501 1064 626 1126 irretitur,
633 1070 713 1113 trans·
749 1066 852 1129 nequid
865 1067 955 1130 reliqui
966 1066 1076 1116 faceret.
1093 1067 1169 1115 Idem.

191 1144 271 1192 latum
290 1158 306 1191 a
325 1141 437 1191 ferarum
454 1147 557 1202 venatu,
574 1140 713 1189 autetiam
784 1141 868 1197 Quid?
882 1143 1007 1207 symbolam
1028 1144 1104 1207 dedit]
1130 1143 1277 1193 subdistin-

189 1233 280 1281 arena,
295 1218 339 1267 ubi
350 1216 478 1266 Retiarius
489 1231 547 1266 cum
559 1216 713 1265 Mirmilloue
749 1228 809 1279 gne,
820 1219 901 1273 Quid?
911 1226 940 1267 ut
950 1219 985 1267 sit
997 1233 1045 1266 vox
1055 1219 1205 1281 quaerentis,
1214 1219 1276 1283 qnid

165 1286 168 1293 ’
189 1295 360 1358 componitur.
378 1292 480 1342 Fomob.
748 1291 818 1341 dicat
830 1293 862 1341 de
873 1293 1017 1356 Pamphilo.
1033 1294 1107 1342 ldem.

222 1379 256 1424 56
272 1373 363 1436 Habet]
381 1372 412 1421 Id
433 1380 483 1434 est,
500 1372 647 1421 vulneratus
664 1379 712 1421 est.
782 1367 916 1432 Symbolum
936 1371 1012 1433 dedit]
1036 1371 1120 1418 Mire:
1138 1371 1209 1419 nulla
1228 1385 1278 1433 pro

188 1449 272 1500 raam
291 1449 358 1499 enim
380 1449 423 1512 qui
444 1461 578 1511 percussus
603 1452 659 1496 est:
684 1453 712 1495 et
749 1446 884 1511 Pamphilo
906 1451 1010 1512 negatio
1034 1448 1096 1499 facti
1118 1456 1159 1500 est
1179 1452 1277 1516 posita,

186 1523 713 1591 propriedegladiatoribusdioitnr3quia
749 1524 793 1572 sed
807 1538 853 1586 per
870 1526 994 1588 puerilem
1014 1526 1205 1588 simplicitatem
1224 1543 1277 1576 om-

188 1602 260 1664 prius
272 1601 316 1649 alii
328 1601 425 1660 rident,
443 1614 519 1665 quam
530 1600 578 1662 ipsi
590 1598 712 1660 sentiant,
748 1599 791 1649 nia
813 1608 886 1662 gesta
906 1609 1013 1650 narrata
1033 1609 1106 1650 snut:
1124 1609 1152 1649 et
1171 1602 1276 1666 quidem

188 1689 217 1726 aa
229 1690 374 1739 percussos.
390 1676 506 1724 Donatus.
749 1674 856 1724 tacitum
867 1684 918 1737 εει,
927 1691 977 1725 non
988 1678 1113 1726 celatum:
1127 1677 1172 1725 sed
1183 1685 1215 1727 ut
1226 1693 1276 1728 nou

222 1750 314 1812 Habet]
331 1751 374 1798 Sic
385 1749 479 1798 dicitur
489 1748 523 1797 da
535 1761 567 1796 eo
577 1749 619 1811 qrri
630 1748 712 1795 letha·
748 1748 846 1800 lactum
858 1767 913 1801 esse
926 1753 963 1801 ita
975 1752 1100 1813 rideatur.
1118 1752 1193 1803 Idem.

188 1826 250 1874 liter
259 1825 406 1873 vulneratus
417 1830 465 1872 est.
483 1822 622 1886 Virgilius:
635 1823 712 1871 ‘Hoo
783 1828 917 1891 Symbolum
927 1829 1004 1890 dedit]
1023 1829 1155 1890 Symbolum
1171 1830 1230 1892 lego
1242 1844 1275 1878 ea

187 1901 276 1963 babet,
285 1902 341 1951 irasc
352 1901 442 1950 melior
453 1900 552 1964 magnis
563 1900 626 1948 data
637 1900 711 1948 vieti·
748 1901 794 1952 lib.
805 1904 929 1951 Vaticano
940 1911 968 1952 et
980 1904 1125 1952 Basilirano
1141 1912 1168 1952 et
1184 1906 1275 1969 aliqui·

187 1977 323 2028 madivis.'
356 1979 424 2041 Ergo
439 1977 499 2042 quid
518 1977 633 2040 seqnitur
652 1990 712 2039 cap·
749 1978 795 2027 bna
814 1979 883 2028 aliis:
908 1980 983 2029 itaet
1001 1980 1111 2028 Plautus
1130 1982 1156 2029 in
1176 1982 1274 2030 Curcu-

185 2059 252 2116 tnm,
261 2054 309 2102 nisi
320 2053 418 2103 occidi?
434 2054 510 2102 Idem.
748 2053 832 2103 lione:
849 2055 1043 2118 ‘symbolarum
1056 2055 1192 2104 collatores
1204 2057 1274 2120 apud

220 2131 313 2192 Habet]
329 2131 369 2180 Αιι
382 2133 469 2196 utique
489 2136 517 2179 et
535 2130 584 2179 hoo
601 2138 711 2179 sumtum
747 2128 831 2178 forum
850 2130 1010 2194 piscarium:’
1027 2132 1088 2180 item
1106 2132 1132 2179 in
1149 2133 1273 2194 Epidico:

188 2213 229 2255 est
241 2206 275 2255 ab
287 2207 381 2256 arena?
398 2206 443 2255 ubi
462 2206 596 2269 gladiatori
613 2205 712 2255 lethali·
750 2205 833 2253 ‘Sine
845 2221 902 2255 meo
920 2213 1023 2269 sumptu
1036 2214 1133 2269 paratae
1148 2210 1203 2269 jam
1215 2217 1274 2258 snut

187 2289 230 2332 ter
251 2283 384 2332 vulnerato
411 2283 516 2332 insultat
539 2282 711 2343 adversarius,
747 2281 858 2345 scapulis
870 2282 990 2344 symbola
1001 2281 1015 2327 :’
1027 2283 1199 2332 etinSticho:
1209 2284 1273 2332 ‘Ea-

188 2367 234 2410 aut
245 2362 372 2409 acclamat
382 2360 499 2424 populus,
509 2358 564 2407 Hoc
574 2359 657 2408 babet:
675 2359 711 2407 ita
748 2357 807 2406 dern
819 2359 956 2422 symbolam
977 2357 1060 2408 dabo:
1079 2367 1106 2409 et
1121 2359 1221 2422 jubebo
1239 2361 1272 2408 ad

187 2445 215 2486 et
232 2437 273 2486 bic
290 2437 379 2487 lethali
391 2437 484 2485 amoris
495 2436 599 2484 vnlnere
610 2449 711 2497 percum
747 2435 915 2496 Sangarinum
927 2448 1025 2483 coeuam
1035 2435 1127 2498 ooqnl'
1145 2435 1233 2483 Fai'rn.

186 2526 230 2561 aus
242 2518 290 2560 est.
325 2511 365 2560 Αιι
384 2526 461 2559 sensu
481 2524 533 2573 quo
551 2525 629 2558 senex
650 2524 711 2558 mox
780 2511 913 2574 Symbolum
937 2510 1013 2572 dedit]
1039 2510 1166 2574 Symbolae
1197 2519 1273 2561 eraut

78 2642 84 2651 ,
186 2601 294 2649 puerum
306 2591 389 2649 rogat,
406 2585 487 2636 ‘Quis
497 2585 551 2632 heri
560 2584 710 2644 Chrysidem
747 2588 865 2649 pecuniae
888 2601 951 2650 quas
971 2586 1113 2649 erogabant
1128 2588 1221 2650 singuli
1240 2587 1271 2636 ad

185 2660 299 2710 lrabniti'
316 2659 443 2723 ‘Haben'
452 2658 536 2724 inquit
553 2657 709 2721 Aristippus,
746 2675 844 2710 omnam
856 2661 1005 2711 collatitiam
1017 2660 1174 2725 &paranande
1183 2671 1210 2713 et
1221 2679 1271 2714 ooe-

183 2739 194 2766 ⁴
204 2737 295 2800 Laida,
304 2751 355 2785 uon
365 2735 462 2785 habeor
473 2751 488 2783 a
499 2734 598 2784 Laide!
608 2735 710 2784 Foraab.
747 2750 781 2785 ua
790 2737 882 2785 collatio
894 2735 1046 2787 dicebatur:
1062 2738 1070 2764 ‘
1084 2739 1139 2799 Ego
1152 2751 1223 2800 vero,
1233 2741 1270 2788 in-

220 2811 377 2860 Oboaroabam
391 2810 472 2873 mane]
489 2810 563 2858 Mane
577 2810 710 2859 adverbia·
744 2811 800 2875 qrtit
812 2811 991 2876 ille‚qnoniam
1001 2812 1137 2861 collectam
1153 2828 1167 2862 a
1183 2816 1270 2863 convi-

184 2888 256 2938 iiter.
271 2888 390 2937 Donatus.
744 2900 786 2946 ra,
797 2887 898 2948 Crasse,
909 2887 1012 2950 exigis!
1040 2889 1095 2936 Cic.
1111 2887 1144 2937 de
1155 2889 1270 2939 Oratore

220 2964 387 3027 Obsmnobam]
406 2964 486 3011 Deest
497 2966 584 3022 tamen,
599 2960 647 3009 hoc
659 2966 708 3021 est,
744 2962 790 3011 lib.
802 2976 833 3013 rr.
851 2962 1016 3024 εσνμβιιλλε.
1034 2964 1136 3015 Fomab.

184 3042 301 3106 quamvis
318 3047 407 3104 captus
425 3046 494 3101 erat,
504 3045 532 3087 et
547 3039 602 3086 haeo
622 3044 707 3086 tamen
776 3040 808 3085 62
827 3038 947 3100 Coenaoit]
964 3040 1061 3087 Cetera
1077 3038 1103 3086 iu
1119 3047 1194 3102 gestu
1210 3049 1270 3090 snut

184 3116 359 3167 observabam.
380 3114 452 3163 Idem.
743 3115 895 3178 quaerentis,
911 3115 972 3179 quid
989 3114 1059 3164 dicat
1076 3114 1109 3164 de
1126 3117 1271 3182 Pamphilo,

217 3195 248 3240 5⁷
265 3190 419 3253 Rogitobam]
438 3191 497 3240 Non
516 3190 637 3252 rogabam,
661 3189 707 3238 aed
743 3191 966 3240 necinvenieutis.
983 3191 1101 3242 Donatum.

183 3267 328 3330 rogitabam:
339 3267 398 3330 qnia
406 3266 494 3315 sedulo
502 3266 623 3316 faciebat.
632 3266 707 3314 Idem.
777 3264 839 3313 Item
860 3266 906 3313 olio
926 3265 976 3328 dle]
993 3266 1064 3329 item,
1081 3266 1216 3317 similiter:
1242 3274 1269 3318 et

147 3362 152 3372 ‘
215 3348 248 3393 68
270 3343 326 3404 Dio,
346 3343 424 3406 roden]
452 3342 508 3404 Dio,
527 3341 707 3404 imperativum
742 3338 813 3400 vide,
843 3340 980 3402 diligenter
1009 3348 1110 3405 tempns
1132 3343 1269 3407 adjectum,

184 3428 241 3470 est:
258 3420 317 3469 ideo
330 3419 483 3482 temperarit
500 3418 619 3480 injuriam
636 3417 707 3466 blau·
743 3417 815 3481 qnasi
824 3431 874 3465 non
883 3415 1015 3466 sufficeret
1027 3433 1092 3468 unns
1101 3419 1165 3468 dies.
1179 3419 1252 3470 Idem.

183 3496 308 3558 dimento,
324 3498 403 3544 rodes:
418 3500 565 3552 astantem,
578 3492 706 3553 siaudos3
774 3499 805 3543 63
824 3495 1008 3558 Comperiebam]
1024 3496 1094 3545 Vide
1107 3497 1129 3544 si
1146 3511 1196 3546 nou
1207 3512 1266 3546 ver·

184 3577 214 3621 ut
230 3571 274 3631 sir,
289 3572 310 3619 si
329 3573 380 3620 vis:
397 3585 455 3619 nam
475 3570 570 3619 delirat
587 3571 631 3634 qui
648 3573 707 3619 σῶοι
744 3569 778 3620 ba
794 3571 873 3634 patris
890 3578 960 3634 sunt,
977 3578 1003 3622 et
1015 3574 1047 3622 de
1058 3573 1133 3622 rebus
1146 3574 1265 3623 venereis

184 3644 236 3709 ζῇς,
245 3646 433 3708 interpretatur
443 3648 515 3696 sodes.
533 3646 615 3695 Idem·
742 3647 812 3696 circa
822 3646 868 3697 filii
879 3651 1036 3698 mentionem
1048 3649 1159 3712 agentis.
1175 3649 1252 3700 roem.

214 3723 263 3773 Dic
283 3723 359 3784 sodes]
387 3721 555 3770 Exhortantis
580 3727 621 3770 est
645 3735 705 3784 vox,
775 3725 1187 3789 Nilu'lodPampbilnmqm'dqnam]
1205 3732 1266 3789 nap-

182 3798 281 3860 Amobo,
295 3798 369 3858 Rogo.
385 3796 466 3845 ldem.
741 3797 827 3850 έλκενι
843 3816 900 3851 nam
917 3801 1031 3851 abundat
1042 3802 1183 3865 quidquam:
1199 3815 1267 3863 nam,

217 3875 277 3932 Quia
292 3873 343 3922 lteri
360 3873 497 3938 Chrysidem
514 3869 614 3922 babuit?
641 3874 704 3924 Nom
739 3877 1121 3940 namopaiaqaamnondicitur.
1141 3879 1216 3929 Idern.

182 3945 361 3999 Andmoeilliid
377 3950 531 4013 eratnomm]
548 3949 703 4013 Opportune
781 3957 814 4002 64
841 3948 989 4017 Spectatum]
1023 3952 1066 4004 Aa
1093 3955 1266 4019 Pamphilum,

182 4026 369 4075 nomenintnlit
377 4026 516 4088 Chrysidis.
533 4029 567 4077 Et
578 4028 643 4077 bene
654 4028 702 4078 illi.-
740 4042 791 4077 non
803 4026 835 4076 ad
853 4031 996 4092 exemplum
1014 4027 1143 4081 refertur:
1162 4037 1189 4081 et
1199 4045 1264 4094 apec-

184 4100 257 4163 qnasi
273 4099 353 4163 dicat,
367 4116 441 4166 quam
452 4109 481 4153 tn
492 4103 615 4155 Andriam
625 4106 704 4155 nomi·
740 4107 825 4163 tatum,
836 4102 979 4165 probatum.
1010 4104 1085 4154 Idem.

183 4175 260 4224 uasti.
276 4177 351 4226 Idem.
772 4183 802 4227 65
822 4179 856 4226 Ει
867 4194 977 4241 magnum
994 4183 1126 4244 ammplam
1143 4182 1262 4232 continen-

152 4288 155 4295 .
217 4251 280 4301 Nam
290 4250 390 4302 Andria
399 4253 436 4303 illi
448 4253 475 4303 id
484 4260 536 4306 erat
545 4256 637 4320 noman]
655 4255 702 4306 At·
738 4252 793 4317 ta'ae]
808 4253 939 4320 “remman
949 4254 1040 4307 laudis.
1061 4257 1210 4322 Pamphilus
1218 4271 1263 4308 aa·
