2676 4710
153 353 337 403 rnnuunu
363 353 679 402 nuturourruou.
702 354 785 402 scr.
809 355 863 402 ur.
886 356 938 404 so.
962 356 1002 405 11.
1060 341 1143 411 1347

87 499 121 546 tt
139 497 259 560 Nequeo
273 511 334 546 nuuc
348 496 412 559 duo]
435 497 507 546 Bene
524 511 584 560 pur·
622 500 678 546 101.
714 497 803 547 ‘Puto
823 497 894 548 illum
917 499 1108 563 obsequentem,
1124 501 1147 550 ai

51 580 101 637 gat
118 573 155 634 id,
172 588 235 638 quas
253 574 395 624 immiserat
418 573 586 636 suspiciones,
621 575 676 638 quis
696 581 766 623 recte
786 581 831 623 eut
851 577 983 624 commode
1002 578 1148 627 tractaret!

51 664 162 700 nerem
176 650 231 712 jam
246 651 336 716 credat
350 650 540 705 adolescentem
555 649 585 699 fi·
622 656 650 697 et
669 662 706 697 vs.
720 653 761 698 49.
784 650 878 714 ‘Coepi
896 651 1006 699 animum
1023 661 1147 713 aegrotum

50 726 118 775 lietu
136 722 282 789 patet‘talie
299 729 341 775 vel
357 726 445 776 iacere
460 728 500 776 vel
517 728 584 790 cogi·
623 725 817 788 adolescentuli,
828 740 879 775 non
891 727 1025 785 utdecuit,
1036 735 1148 779 tractare

52 810 122 851 tare.
158 803 283 871 Dixitque
295 818 324 852 se
337 817 438 853 serrum
455 819 488 853 ex
505 805 586 867 saepi«
622 801 668 850 sed
680 802 725 853 ut!
745 808 795 851 acl.
807 817 848 851 ιιι.
867 809 1052 856 sc.3.vs.125.
1073 806 1147 855 ‘lraec

52 879 133 941 cione
150 878 201 927 ists
224 888 347 941 metuere,
363 879 432 944 quod
449 881 503 944 ejus
522 889 585 929 aetas
623 887 679 962 aqte
692 880 818 929 tractabat
831 880 929 930 virum!
941 883 1031 932 Italiic
1043 883 1148 945 :possim

46 953 107 1015 jam
120 954 195 1018 talis„
207 957 254 1010 uti,
273 956 293 1002 si
310 957 452 1004 necessitas
463 963 492 1004 ut
505 955 585 1005 Chre·
623 959 647 1002 te
662 954 788 1020 magnifice
808 961 919 1005 tractore.
945 971 995 1004 non
1015 958 1069 1006 sine
1087 972 1149 1021 qua·

53 1035 154 1077 metem
166 1029 202 1078 ita
213 1028 292 1078 ducat
304 1037 331 1078 et
345 1038 452 1092 tractet,
462 1031 584 1095 quemad·
623 1028 681 1078 dam
704 1031 793 1080 ironia.
821 1033 947 1094 praeclare
979 1034 1071 1096 calleo,
1098 1049 1151 1098 quo

53 1105 161 1153 modum
177 1121 243 1155 nunc
263 1120 341 1155 senex
361 1107 464 1156 videtur
479 1107 585 1157 ltortarl.
624 1112 702 1169 pacto
710 1108 819 1156 animum
829 1116 900 1157 tuum
910 1115 1023 1158 tractare
1031 1110 1151 1172 debeam,

56 1180 222 1242 Eugrupltius.
445 1189 447 1193 ’
623 1193 653 1234 nt
675 1184 813 1247 decipiaris
836 1186 944 1235 scilicet.
978 1200 1037 1234 uam
1058 1187 1151 1248 ipsum,

90 1257 176 1320 Neque
193 1273 219 1306 eo
235 1274 297 1308 nune
314 1261 367 1308 dico
383 1263 444 1323 quod
464 1261 585 1324 qrticquam
623 1266 735 1323 morture,
754 1276 804 1310 non
826 1260 955 1324 significat
975 1261 1083 1309 illudere
1106 1270 1152 1312 aut

52 1333 124 1381 illum
133 1335 258 1397 senserim]
281 1337 359 1384 Liber
375 1337 525 1400 Bembinns,
542 1350 586 1400 quo
623 1333 729 1385 fallere:
754 1336 799 1386 sed
813 1352 827 1384 a
840 1340 1017 1400 consequenti,
1033 1338 1077 1400 qui
1091 1351 1149 1399 per·

55 1409 188 1471 quicquum.
207 1411 327 1460 Faernus.
624 1414 660 1462 ite
680 1421 777 1463 tractat
797 1415 893 1463 animos
912 1417 1049 1476 bominum,
1072 1412 1150 1462 facile

92 1487 147 1541 Quo
164 1487 285 1550 quicquum
300 1488 368 1536 illum
384 1489 505 1552 senserim]
528 1487 586 1536 Cal·
625 1489 699 1539 fallit.
715 1490 839 1554 magnifice
850 1496 964 1551 tractore,
976 1489 1001 1538 id
1017 1495 1056 1537 est
1073 1486 1153 1553 quod,

54 1559 111 1609 lida
122 1560 328 1624 utiturduuelpu.
346 1566 425 1613 etiarn
440 1564 465 1612 iu
477 1576 587 1626 sequen·
624 1569 676 1613 arte
697 1570 809 1622 mactare.
831 1581 881 1630 quo
901 1581 980 1631 scopo
1001 1565 1027 1613 id
1042 1563 1101 1620 ,liat
1118 1578 1153 1612 ex

57 1637 145 1686 tibus:
162 1639 211 1693 sed,
222 1638 358 1702 siquidm
369 1640 433 1702 quid.
450 1638 493 1687 ubi
504 1639 587 1686 oratio
626 1649 749 1691 contextu
766 1643 926 1704 intelligitur.
948 1644 1037 1705 itaque
1057 1640 1154 1688 frustra

57 1714 133 1762 vultu
144 1719 172 1762 et
187 1715 289 1762 actione
305 1717 449 1778 suppletur,
466 1728 517 1762 nou
533 1713 588 1761 sina
626 1729 694 1777 sunt,
717 1721 760 1784 qui
783 1721 932 1786 magnificam
959 1721 1046 1769 nescio
1076 1732 1153 1783 quam
1214 1712 1222 1733 l

58 1788 148 1851 tutele
157 1787 260 1837 fiducita
270 1796 297 1838 tt
308 1789 457 1840 secutilatlt
468 1785 588 1837 autumi&
627 1797 805 1845 tractationem
814 1797 854 1844 bic
864 1797 1007 1860 requirunt.
1018 1794 1074 1858 quis
1083 1793 1152 1841 enlm

58 1878 111 1912 nou
128 1877 161 1913 eo
182 1868 295 1926 nomine,
309 1881 340 1914 ea
359 1880 437 1915 causa
455 1865 502 1913 hoc
519 1863 588 1926 dico,
626 1873 718 1933 nescit,
734 1871 867 1935 magnifice,
887 1871 1016 1933 splendide,
1031 1870 1153 1931 preclare,

59 1940 134 2004 quasi
146 1941 281 2004 quicquam
293 1942 415 1990 senserim
427 1940 506 1989 filium
517 1949 587 1988 tuum
625 1948 749 2009 tumente,
770 1961 821 1995 non
840 1945 1005 2010 infrequente
1026 1943 1108 2007 ligura
1126 1945 1153 1991 in

61 2015 208 2079 hujusmodi
223 2030 306 2065 rernm
319 2019 445 2080 cogitare,
462 2024 506 2065 aot
523 2016 588 2065 tales
626 2025 656 2073 ils
668 2024 744 2073 rebus
756 2022 817 2085 diei,
828 2037 885 2086 quae
897 2023 981 2084 perite
992 2020 1066 2083 lium,
1074 2027 1153 2083 atque

59 2092 107 2140 albi
119 2092 146 2140 in
159 2093 243 2141 animo
256 2109 346 2156 parare
358 2094 531 2156 cupiditllmt
542 2092 588 2142 Sed
626 2110 656 2150 ut
668 2108 894 2165 0p118081,tlxal¹ie
906 2108 951 2148 aut
961 2100 1058 2161 regula,
1077 2098 1153 2146 Plan.

59 2169 120 2218 ideo
137 2176 247 2230 tantum,
265 2178 303 2230 ut,
321 2172 342 2218 si
364 2171 425 2234 qnid
447 2169 517 2218 forta
534 2170 589 2232 ejus
627 2179 696 2229 finus
714 2180 783 2227 locus
803 2179 828 2226 in
854 2177 939 2226 Milite
961 2190 992 2224 11.
1010 2179 1035 2224 6.
1056 2179 1095 2223 10.
1114 2177 1155 2222 30.

60 2246 163 2309 generis
174 2253 273 2308 prater
289 2259 360 2309 spem
377 2253 491 2295 nostram
502 2244 590 2292 eveniss
628 2255 697 2302 nullo
720 2252 796 2301 niodo
817 2253 866 2300 buc
888 2251 1032 2312 comparari
1056 2255 1153 2312 potest.

60 2330 103 2371 ret
115 2336 236 2384 unquam,
247 2335 280 2369 ue
292 2320 352 2384 quid
365 2335 435 2384 aegre
447 2319 517 2369 feras
527 2326 591 2382 tum,
628 2342 717 2376 servus
747 2327 782 2377 ibi
800 2327 914 2375 troctooit
930 2326 1071 2385 mulierem,
1093 2323 1110 2370 i.
1129 2335 1154 2369 e.

61 2404 107 2445 ³¹¹²
124 2390 235 2457 misem>
255 2395 308 2444 5¹5⁰
322 2403 367 2445 1¹¹⁰
384 2411 426 2445 ¹¹10
444 2396 599 2463 adjufflem,
628 2418 705 2451 manu
715 2404 811 2466 injecta
821 2400 966 2463 arripuitin
978 2399 1047 2447 aedes
1057 2405 1154 2447 tractu·

60 2486 128 2534 esse,
140 2472 206 2522 sicut
219 2486 286 2521 nuuc
296 2472 387 2520 Cliniae
398 2473 478 2521 amori
487 2472 590 2520 subsar·
628 2492 687 2527 rus:
709 2487 737 2526 ut
759 2493 791 2525 ex
808 2491 886 2525 scena
909 2474 1074 2538 praecedente
1093 2486 1155 2519 con·

61 2552 117 2600 rire
136 2565 178 2600 me
190 2551 278 2615 jubes.
296 2552 449 2613 silegaturt
471 2551 590 2613 inillam,
628 2561 692 2603 stat.
718 2559 822 2602 tructus
847 2566 907 2616 ergo
929 2550 1020 2613 bospite
1041 2556 1082 2597 est
1109 2547 1156 2608 ibi,

61 2625 233 2689 subintelligit
253 2627 386 2675 Nunnius:
408 2627 435 2675 iu
450 2627 516 2675 illam
531 2641 591 2675 com·
628 2630 700 2694 quasi
714 2637 826 2692 raptata,
839 2623 1155 2692 vt'arrepta,tracu.nut-

58 2705 149 2764 petere.
166 2701 307 2751 Boeclarus.
464 2738 471 2743 -
628 2707 668 2754 lua
687 2705 899 2755 circumventioni
917 2706 996 2753 locus.
1012 2716 1070 2750 aaut
1087 2698 1156 2764 quod

95 2777 169 2825 litans
178 2778 301 2842 maim]
320 2777 377 2827 Quo
389 2776 527 2842 quidquam
538 2777 592 2827 tale
630 2780 745 2845 additur,
761 2781 892 2845 ludificato,
904 2777 1105 2841 descriptionem
1120 2776 1158 2822 ln·

61 2853 89 2900 iu
100 2853 290 2901 illosenserim.
311 2852 452 2902 Foruobius.
626 2857 704 2920 jnriae
717 2856 855 2920 significat·
874 2857 1002 2904 Barrluus·
1153 2861 1156 2867 '

93 2931 127 2977 tt
143 2927 299 2990 Sedriquid,
311 2928 418 2990 nequid]
435 2927 486 2977 Sed
498 2928 592 2993 siquid
664 2933 744 2981 Etnoe
755 2947 797 2992 ego
814 2937 845 2992 te,
859 2930 912 2992 ira]
939 2930 1033 2989 Neque
1043 2925 1158 2986 indigne·

61 3003 117 3051 tale
129 2996 255 3064 evenerit,
271 3002 376 3066 nequid
396 3005 498 3066 gravius
515 3002 593 3053 feras.
631 3007 676 3066 ria,
687 3007 718 3066 si,
733 3007 777 3053 ubi
790 3007 843 3054 tale
854 3002 915 3066 quid
927 3001 1053 3060 evenerit,
1069 3013 1118 3061 ego
1131 3006 1158 3047 ta

61 3093 141 3142 quam
161 3076 273 3127 obnoxia
294 3079 349 3126 istis
370 3079 448 3126 rebus
471 3079 506 3127 ait
526 3079 593 3127 illius
631 3080 767 3142 magnilica
788 3079 873 3141 aliqua
899 3083 927 3125 et
948 3074 1041 3138 insigni
1064 3074 1158 3122 techna
1245 3069 1249 3079 '

62 3163 139 3216 aetas,
150 3154 230 3205 rides.
250 3156 324 3205 idem.
631 3157 767 3218 excipiam.
784 3153 924 3204 Fomubius.
1156 3182 1158 3187 ‹

96 3235 130 3280 ts
147 3231 182 3280 Et
192 3247 229 3280 κω
240 3247 283 3292 ego
294 3232 357 3294 te,ss‘
366 3245 421 3280 usua
431 3232 518 3292 omiot,
528 3246 594 3294 mag·
662 3236 695 3282 to
712 3233 751 3280 De
762 3232 838 3280 istltoo
848 3245 899 3279 oum
908 3229 976 3291 urus]
993 3228 1019 3276 Si
1031 3226 1092 3292 quid
1103 3226 1158 3276 tale

62 3309 146 3374 niyiae,
165 3310 271 3367 cume,
289 3315 394 3359 tractore
412 3309 511 3373 potum]
527 3309 593 3361 Joco
632 3310 778 3372 contigerit,
794 3317 854 3358 tuuc
867 3307 1015 3364 videbimus,
1033 3304 1100 3368 quod
1114 3317 1159 3352 ne·

63 3384 152 3447 diluit,
164 3385 190 3432 in
202 3384 293 3448 qulbus
304 3391 355 3435 tam
367 3387 434 3435 serio
448 3384 531 3433 videri
548 3398 593 3448 po·
632 3386 738 3435 cessitas
747 3390 824 3449 coget
835 3381 930 3432 facere.
948 3379 1108 3442 Eugropltias.

62 3461 117 3510 tuit
125 3461 358 3523 drrpsrotuyeiutos.
371 3461 488 3511 Nanctus
498 3459 595 3522 magni·
663 3464 697 3510 48
725 3461 851 3522 Nusquam
877 3455 1016 3504 commodius
1044 3448 1158 3514 uuquam]

61 3537 116 3590 fiee
127 3539 154 3587 in
163 3539 346 3601 Calphuruium
354 3539 483 3599 invectus,
493 3550 596 3585 sensum
634 3532 965 3594 Observandum,uuuqaum
974 3543 1081 3592 uuquam.
1096 3525 1159 3601 Feb.

64 3620 168 3664 tantum
180 3615 255 3677 hujus
266 3615 324 3677 loci,
336 3615 441 3678 phrasin
453 3627 504 3663 non
515 3612 595 3674 magis
665 3615 697 3659 49
714 3610 753 3659 Na
763 3624 832 3673 quum
841 3606 1022 3668 molesmum]
1031 3603 1088 3653 Nisi
1100 3615 1159 3650 cum

65 3705 145 3755 qnam
162 3691 206 3739 ille
218 3691 342 3752 explieat.
359 3696 471 3747 truatur,
490 3685 530 3739 e'st
548 3691 596 3737 δια·
634 3701 676 3736 me
687 3699 767 3735 senex
778 3685 935 3733 adhortatur.
956 3683 1031 3730 idern.

65 3768 188 3831 χωρῆσαι,
214 3769 362 3830 ψηλαφῆσαι.
384 3768 421 3815 ita
444 3767 535 3830 figulus
559 3767 595 3814 lu·
667 3761 720 3809 Ner
734 3774 785 3808 ram
794 3754 1047 3819 malefacerem,crcd.]
1072 3751 1159 3800 Mute-

66 3852 135 3906 tum,
151 3844 249 3906 plastes
271 3858 357 3893 ceram
369 3848 467 3892 tractat
486 3849 513 3890 et
529 3842 597 3890 inter
635 3844 677 3887 tus
695 3834 810 3883 detraxit
833 3835 943 3894 literam,
965 3829 1159 3890 facilioremque

66 3933 160 3968 manus
173 3926 266 3968 versat.
277 3919 337 3968 ltiuo
347 3916 502 3967 transfertur
513 3915 544 3965 ad
557 3929 598 3978 es,
634 3910 698 3962 fecit
715 3910 878 3969 seutentiam,
889 3907 1007 3969 legendo,
1018 3903 1161 3961 malefacere.

68 4009 128 4059 qnae
148 3995 269 4058 consilio,
292 4001 320 4043 et
342 3993 440 4043 ratione
463 3999 598 4040 versantur
634 3987 686 4038 Sed
699 3985 757 4034 libri
769 3983 859 4047 scripti
875 3980 1162 4064 constantissimeprae·

68 4072 123 4118 sive
134 4071 282 4133 agitantur:
299 4077 328 4118 et
344 4069 370 4116 in
389 4074 523 4130 utramque
539 4080 597 4128 par·
636 4062 724 4111 lerunt
740 4058 768 4107 rb
779 4057 945 4120 malefacerem.
978 4054 1112 4104 Constabit
1123 4051 1160 4139 sip

68 4154 123 4195 tem
140 4144 277 4208 significat.
301 4144 414 4208 optimus
430 4142 504 4191 nobis
520 4141 598 4189 iuter·
636 4149 736 4203 quoqne
758 4148 856 4196 sensus,
873 4134 894 4181 si
911 4131 1048 4181 subaudias
1064 4127 1093 4176 rb
1110 4127 1162 4188 ultr,

70 4236 131 4288 pres
154 4221 294 4271 Terentius
315 4221 387 4285 ipse:
419 4216 517 4268 Heaut.
537 4227 557 4265 s.
576 4219 599 4266 l.
638 4219 683 4264 aut
694 4209 789 4275 aliquid
802 4209 891 4260 simile.
903 4222 961 4258 nam
972 4215 1000 4258 et
1010 4207 1054 4256 illa
1064 4201 1165 4256 Mureti
