2676 4710
274 351 456 407 ososuru
478 354 599 404 ιιιιιιι.
620 354 704 403 ιιι.
726 353 766 401 ιι.
790 355 842 404 sc.
864 352 921 402 ιιι.
1066 334 1152 406 1089

53 490 585 565 tioue(pipoesseoirudtuitur)deduoitor.
657 501 689 546 19
707 496 745 547 Ne
760 494 794 560 is]
819 496 941 549 Chremes
964 493 1075 544 scilicet.
1101 496 1152 544 Do·

56 576 134 624 idem.
623 582 703 626 meus.

91 652 241 717 Nempeisoc]
255 652 413 716 Apossibiti.
430 653 505 701 idem.
657 653 695 702 Ne
710 653 733 701 is
748 651 834 713 mutet]
851 651 893 700 Ad
915 650 1052 700 consitium
1071 649 1151 712 redit,

92 729 307 793 Nempeisoeopin.
318 730 376 777 diet.
394 733 459 791 potr.
477 725 530 790 dfe]
548 726 588 774 ’ds
624 733 652 776 et
659 727 794 790 conjungit
802 733 936 776 eventum.
954 726 1028 775 idem.

57 801 175 866 ὑποκρίσει
184 812 288 868 saepeet
296 805 377 853 sortito
386 801 587 866 dicuuturupud
656 808 688 853 2⁰
710 804 783 853 Patri
804 803 843 852 die
864 802 937 851 selu:
959 807 996 863 ut,
1011 816 1063 851 eum
1082 800 1153 863 uelit]

56 876 277 929 Nostrom:.osm
296 879 323 929 id
342 885 383 928 est
399 877 471 941 poiisi
487 878 586 928 drame·
623 879 731 930 Scilicet
752 892 785 928 ue
805 887 921 935 securus,
942 876 1012 942 qood
1039 891 1090 926 noo
1118 879 1156 927 sit

55 956 117 1004 ticae
128 955 289 1020 aptissimum
298 960 326 1005 et
337 969 412 1019 paeue
430 961 586 1020 perpetuum
624 956 746 1006 Chremes
765 954 873 1004 datuurus
892 953 970 1003 fliium
983 967 1064 1015 susm,
1077 951 1153 1016 perri

54 1032 148 1094 σχῆμα.
164 1032 294 1081 Βιιλιιιιι.
409 1053 414 1066 ·
621 1030 701 1081 faciet
719 1032 784 1080 iram
800 1029 893 1095 patris,
911 1038 939 1078 et
952 1036 1030 1090 neget
1046 1041 1152 1078 uxorem

88 1112 119 1157 ts
134 1108 208 1172 Cedo]
222 1108 284 1157 Cedo
294 1106 460 1172 singulariter
469 1112 584 1157 tsotumr
623 1109 730 1169 ducere,
752 1114 844 1172 utpote
863 1104 956 1167 fretus,
977 1104 1107 1154 nemiuem
1126 1118 1153 1153 ιι·

55 1183 308 1247 cetere-piorsliter.
324 1184 446 1232 Donatus.
623 1185 684 1235 tium
707 1170 757 1235 sii'oi
784 1185 978 1235 commissurum
1007 1183 1153 1245 conjugem.

89 1261 162 1321 Cedo,
172 1260 229 1323 quid
237 1257 360 1322 jurgodit]
372 1258 415 1308 Ab
426 1259 494 1308 utili.
511 1259 587 1313 Idem.
624 1262 699 1313 idem.

88 1335 142 1384 Hie
152 1337 235 1387 reddes
253 1335 345 1400 amodo]
363 1335 415 1384 Hie
433 1335 586 1386 adverbium
655 1343 686 1390 21
706 1340 770 1389 Nom
788 1341 850 1402 quod
868 1344 896 1386 tu
912 1336 1001 1400 speses]
1021 1335 1088 1385 Sunt
1108 1335 1152 1399 qui

55 1412 107 1460 lori
117 1426 167 1461 noo
174 1417 224 1474 est,
231 1411 278 1461 sed
289 1411 439 1461 adverbium
446 1411 587 1475 temporius
625 1430 672 1478 pro
692 1430 781 1478 speres,
800 1414 885 1462 timeus
903 1411 1037 1460 habeant:
1060 1417 1090 1459 ut
1109 1413 1153 1472 siu

54 1494 85 1536 ut
93 1488 219 1550 Virgilius
227 1505 235 1534 ·:
248 1488 317 1537 ‘Hic
328 1487 402 1536 suuis
413 1486 498 1549 gravis
509 1494 589 1551 utque
626 1492 695 1540 Nem
712 1490 780 1554 quod
801 1496 829 1538 tu
849 1489 950 1548 timeus,
968 1487 1066 1535 scilicet
1077 1484 1153 1534 aliem

54 1563 134 1611 enimi
147 1570 262 1613 moturus
273 1561 400 1613 Atettoss!
418 1564 492 1613 Idem.
627 1552 756 1616 detrorum.
774 1565 847 1614 idem.

88 1639 197 1703 Resides]
214 1640 317 1701 Facies,
333 1641 465 1690 restitues.
482 1642 558 1690 Idem.
659 1639 930 1704 Nomqoodtosperus]
948 1638 1029 1687 Liber
1047 1636 1153 1686 Vaticd·

88 1719 122 1767 lo
139 1715 235 1764 locuto
253 1720 281 1764 ut
298 1715 373 1778 deut]
390 1715 443 1765 Hic
461 1722 590 1766 esteveo·
627 1731 675 1768 uus
687 1719 946 1780 etDonstus,speree
965 1713 1088 1764 Faernus.

55 1796 111 1838 tus.
130 1788 207 1837 ldeso.
659 1792 814 1857 Promuobo]
830 1792 891 1842 Hos
911 1798 961 1853 est,
976 1803 1082 1841 cessem
1099 1789 1153 1838 ios·

87 1867 121 1913 17
138 1863 198 1912 Sine
207 1863 377 1927 omoipeticio]
397 1864 456 1914 Hoc
469 1871 520 1927 eti,
531 1864 588 1914 siue
625 1885 683 1920 uem
702 1885 758 1920 esse
778 1868 940 1919 monstrabo:
957 1865 983 1916 id
1000 1873 1049 1922 est,
1067 1871 1154 1915 osteu-
1240 1861 1244 1875 ’

54 1939 176 1990 ducendo
192 1940 355 1991 Philumena.
373 1943 450 1991 Idem.
624 1945 683 1995 dem
703 1945 866 1995 nihilomiuus
889 1950 916 1993 te
935 1957 993 1993 esse
1013 1942 1153 1992 doctorum

87 2015 147 2065 Sine
157 2018 220 2064 moui
231 2016 346 2080 periculo]
363 2018 420 2066 Nisi
437 2017 506 2080 leges
523 2017 588 2080 peri·
624 2023 699 2072 etism
711 2036 827 2084 uxorem,
837 2020 915 2071 etiem
924 2020 948 2072 si
954 2021 1020 2069 hooc
1031 2032 1079 2067 uon
1088 2018 1152 2065 dux·

55 2093 101 2154 elo,
122 2099 150 2141 et
168 2107 201 2140 ex
219 2093 282 2142 omui
301 2109 325 2143 m
337 2093 429 2156 elides,
445 2093 587 2158 impeditur
625 2099 681 2149 eris.
698 2099 773 2148 idem,

56 2175 100 2218 est
113 2170 212 2217 versus·
228 2167 345 2219 Funus.
658 2173 812 2237 Propuuodo]
824 2175 1030 2237 Etegsuter,pro
1041 2167 1152 2238 eoquod

90 2249 123 2295 18
139 2247 192 2295 Nes
211 2251 239 2296 ιιι
256 2262 284 2296 eo
302 2263 373 2297 cosso
385 2248 511 2312 ιιιίιιιιιιίι]
528 2249 587 2299 Hoc
624 2257 663 2299 est
673 2252 790 2314 repellam.
805 2249 888 2298 Idem.

56 2321 337 2386 est,quodsupra,1d
355 2326 465 2385 ιιιιιιιιυίι,
479 2325 588 2388 posonium
658 2325 812 2387 Propulsodo]
833 2322 909 2375 Quod
927 2322 994 2371 enim
1015 2327 1044 2369 tu
1063 2332 1153 2382 speres

55 2399 252 2448 meimmutotum
262 2400 334 2449 uidet.
347 2401 475 2450 Donatus.
625 2400 725 2463 tibique
744 2398 885 2462 persuades
904 2410 956 2445 uon
978 2393 1103 2455 futurum,
1125 2398 1155 2442 ut

80 2476 305 2542 Nummorum]
321 2477 391 2526 Quis
401 2476 550 2540 promiseris
562 2480 589 2524 te
625 2475 758 2540 quisquam
772 2473 820 2523 tibi
831 2475 869 2523 ita
880 2479 980 2522 moreto
992 2470 1151 2520 fitium-com·

56 2565 116 2602 esse
127 2550 276 2601 ducturum.
294 2552 369 2600 Idem.
627 2550 715 2599 mittut
729 2564 810 2611 ossam,
822 2548 902 2598 facile
913 2546 1042 2597 refutabo.
1071 2546 1155 2596 lodo·

94 2629 182 2677 Noctu
201 2642 229 2675 eo
246 2642 316 2676 seusu
335 2626 460 2690 mimos]
477 2627 590 2676 Omnino
627 2632 707 2675 tetam
725 2627 812 2689 potius
832 2625 878 2695 tibi
896 2632 972 2688 poter
983 2624 1153 2688 dsbit,qoem

56 2705 197 2755 retinenda
208 2713 247 2755 est
257 2721 317 2767 vox,
329 2707 483 2756 auctoritate
492 2714 519 2754 et
530 2719 589 2753 ooo·
627 2711 654 2751 te
666 2703 733 2765 opud
752 2703 902 2765 Glycerium
920 2702 1051 2763 eorrumpi
1070 2701 1155 2757 sinon

58 2795 136 2830 senso
149 2781 215 2830 Mos.
226 2782 372 2831 codicum(
388 2781 502 2831 Accedit
518 2782 590 2830 loeus
627 2779 714 2829 Piaut.
732 2780 841 2843 ‘Neque
861 2779 941 2840 ilium,
956 2792 997 2827 me
1013 2777 1081 2839 vivo,
1099 2790 1153 2826 cor·

57 2854 213 2920 παράλληλοι
231 2856 313 2906 nostri
327 2856 419 2906 Poete
437 2857 463 2904 iu
485 2855 590 2919 Hecyra
626 2855 711 2917 rumpi
723 2854 821 2904 sinam!
838 2854 981 2903 Forsodios.
1079 2896 1081 2900 .

55 2947 97 2983 ιι.
111 2937 135 2982 3.
149 2937 189 2982 ιο.
204 2931 248 2981 obi
260 2947 310 2982 vox
320 2931 440 2982 minuendi
459 2932 499 2981 ito
517 2945 589 2980 uror·
662 2932 764 2980 Uxorem
775 2932 813 2981 dis
822 2932 925 2981 moribus
935 2931 1002 2978 dudit
1017 2928 1101 2990 nemo]
1113 2929 1155 2978 Ne

59 3015 153 3073 pstor:
163 3009 307 3059 Ssusushic
316 3014 372 3058 est:
386 3014 589 3066 uectomeoum
626 3006 734 3055 aiteram
747 3014 854 3069 qssaerat.
867 3007 985 3054 Donatus.
1154 3058 1158 3067 ,

57 3084 86 3134 id
97 3092 149 3148 est,
161 3085 222 3149 quio
232 3086 381 3149 promiseris
393 3095 419 3134 te
431 3099 489 3134 esse
499 3085 590 3136 duetu-
659 3083 710 3131 His
721 3082 836 3144 moseo]
846 3083 932 3131 Deest
942 3080 1040 3145 aliquid
1051 3098 1057 3128 ι
1071 3089 1100 3131 ot
1111 3081 1156 3144 sit,

60 3176 135 3222 rom;
151 3161 266 3211 ιιιίιιιιιιίι
276 3162 387 3225 Ιιασᾳιιω
394 3161 477 3221 sactu
494 3160 520 3208 id
540 3167 590 3220 est,
626 3157 664 3206 his
681 3158 795 3206 moribus
811 3157 909 3220 agenti,
928 3164 974 3206 sut
991 3157 1030 3206 iris
1042 3157 1154 3208 moribus

59 3237 211 3300 Giyeerium
222 3235 320 3286 habere
329 3237 452 3296 desinss3
469 3251 499 3286 se
513 3237 536 3284 is
550 3237 589 3301 (id
626 3236 749 3300 prodito.
767 3234 843 3285 idem.

59 3318 111 3374 est,
123 3310 259 3374 Chremes)
270 3317 345 3362 metet
356 3328 422 3362 suom
433 3313 587 3370 sestertium
660 3313 724 3360 Num
736 3313 796 3374 quod
806 3317 833 3361 tu
853 3327 939 3376 speres,
958 3315 1100 3378 Psopuisobo
1115 3312 1169 3374 so·'

57 3387 85 3437 id
95 3394 146 3450 est,
154 3403 241 3438 rursus
251 3388 299 3437 tibi
308 3387 385 3438 tiliam
398 3404 467 3438 susam
477 3389 538 3438 dero
550 3404 591 3439 ve·
626 3391 684 3439 cite:
701 3405 807 3447 uxoren,
824 3389 860 3439 iris
869 3392 982 3454 osoribus,
1000 3393 1067 3442 dudit
1077 3390 1155 3453 nouo]

59 3464 102 3516 iit.
130 3463 589 3516 NmniusinMiscettaneismstlet:
627 3466 774 3516 Difficultas
796 3469 883 3531 posito
910 3474 951 3517 est
976 3471 1002 3516 in
1024 3469 1069 3516 iliu
1091 3481 1156 3516 voce

60 3540 171 3590 consuis
190 3541 241 3589 isac
263 3555 314 3603 que
330 3540 412 3600 focis:
443 3541 469 3588 id
489 3547 538 3603 est,
558 3541 591 3590 ob
626 3541 795 3609 (Propsdsobo)
812 3557 887 3607 quam
909 3544 969 3593 ideo
986 3557 1034 3606 per
1054 3542 1158 3594 titerom

60 3617 136 3668 haec:
161 3618 207 3667 sed
222 3617 288 3666 bene
308 3632 336 3666 se
354 3625 441 3666 tuetur
461 3617 592 3666 sententie
628 3619 751 3682 mojorem
760 3620 837 3669 scribi
849 3621 947 3678 cursui,
960 3627 988 3668 ut
999 3620 1155 3683 iutelligere-

61 3692 221 3759 quemdixi:
246 3692 326 3741 etiem
337 3693 444 3741 Donato
456 3698 483 3739 et
494 3692 592 3752 Eugra-
628 3700 681 3756 tur,
705 3693 794 3744 referri
806 3709 863 3744 eom
878 3695 911 3744 ed
926 3696 1100 3759 Pamphilum,
1111 3695 1156 3758 qui

58 3768 120 3831 phio
130 3767 375 3832 probate,quumvis
386 3767 469 3816 minus
479 3767 592 3829 explica·
629 3770 697 3830 apud
717 3785 744 3818 se
761 3773 877 3834 cogitans
896 3771 944 3821 hoc
963 3772 1064 3821 diceret
1082 3772 1156 3833 (Pro-

60 3855 88 3895 te
100 3845 247 3909 proposito.
264 3842 392 3894 Boeoierus.
625 3847 722 3908 praeuio
730 3845 752 3912 ‚·)
764 3849 792 3897 id
803 3855 852 3908 est,
863 3849 950 3897 omnio
961 3847 1168 3911 petriscoosilie

93 3924 147 3972 Ne'c
157 3922 293 3985 iseum]
309 3923 348 3970 Tu
361 3923 469 3984 intereo,
482 3935 515 3969 ne
535 3932 593 3968 sen·
609 3973 611 3976 Α
629 3921 731 3971 etudsro
742 3923 819 3973 focile
829 3940 837 3983 ;
848 3938 907 3973 nam
927 3925 965 3972 its
982 3924 1101 3985 licenter,
1120 3923 1157 3973 its

60 3998 171 4049 teutism
191 4010 264 4047 soem
283 4004 367 4046 mutet
384 3996 517 4057 Chremes,
536 3996 592 4045 haec
629 3999 752 4047 dissolute
771 3999 864 4060 vivam,
882 3997 1065 4048 utoemomihi
1077 3999 1156 4051 fitium

62 4090 121 4137 quos
134 4072 201 4124 fecis
213 4078 314 4121 mutare
325 4073 387 4132 ooli,
400 4072 457 4122 vive
470 4071 520 4122 tois
537 4087 591 4123 mo·
629 4089 702 4123 suom
716 4075 777 4123 vetit
797 4074 969 4124 committere.
1002 4075 1044 4125 Ad
1065 4093 1097 4128 es
1117 4094 1156 4130 re·

60 4151 143 4210 ribos,
158 4149 267 4198 emicem
289 4147 438 4213 frequenta.
472 4149 591 4223 Nunnius
629 4149 740 4213 spondet
762 4149 1098 4216 Dov11s‚1sopemiueeoiet
1115 4171 1157 4219 po·

59 4225 129 4289 tegit
139 4224 302 4278 domums
315 4240 402 4275 sensu.
418 4224 559 4278 Fosuodisd.
629 4227 687 4291 tius,
696 4231 738 4293 ec.
753 4227 826 4293 qussi
839 4226 949 4294 diceret,
958 4228 986 4280 si
1000 4231 1031 4282 id
1047 4233 1157 4297 cogites,

96 4306 220 4371 Despuat
235 4305 365 4358 Vaccus.
568 4307 663 4359 Terent.
1035 4311 1090 4361 &Z
1153 4295 1167 4317 ⁶

1091 4439 1113 4471 Ἀ
1206 4488 1209 4492 ⁴
