2676 4710
188 312 274 381 1028
535 327 642 377 uorn
666 327 864 378 vauronuu
888 327 929 376 m

189 475 303 525 studium
321 485 423 537 quoque
443 476 495 520 tam
515 472 600 522 nobile
619 473 715 522 saecaio
752 472 870 536 dispersa
885 487 933 536 per
952 472 1078 537 prologos,
1095 473 1181 537 aptius
1198 472 1281 525 fuerit

188 548 393 609 commendatur,
416 562 445 598 ac
467 547 500 596 ad
522 549 647 598 ornandos
670 563 715 612 po·
752 551 827 600 simul
847 551 944 601 nosci..
962 551 992 600 Iu
1005 551 1201 614 primocrimine
1214 552 1280 600 mul·

189 629 243 692 puli
261 639 344 674 morer
358 623 487 674 refertur:
503 625 610 674 ‘Nolite
629 626 714 675 sinere
752 631 779 674 ta
792 626 898 690 egregia
909 635 1060 676 occurrunt:
1077 626 1110 675 de
1121 628 1279 688 imitatione,

188 717 237 768 per
261 715 306 750 vos
334 706 417 750 artem
441 701 564 750 musicam
586 700 714 751 Recidere
751 717 827 767 quam
850 700 913 751 furti
928 703 1031 751 minime
1054 702 1170 751 accusari
1193 717 1281 766 posse,

188 781 222 831 ad
244 793 340 844 paucos
350 778 367 824 ι’
388 794 437 828 nec
447 779 603 844 dignationis
624 794 715 844 parum
750 778 854 827 erudite
877 778 960 827 Poe'ta
986 778 1110 828 ostendit.
1150 779 1279 842 Exempla

188 858 288 907 inserta
307 863 451 920 opportune
470 858 599 906 sententia
615 857 713 907 babet:
751 866 875 917 ponemus
888 862 949 904 ante
962 855 1090 904 rationes:
1110 855 1211 919 quibus,
1221 855 1280 904 siet

186 934 232 990 ‘in
243 932 329 983 medio
340 933 457 984 omnibus
468 934 584 984 Palmam
596 948 654 985 esse
669 949 716 998 po·
751 931 873 979 multost
894 931 1000 996 antiqua
1016 938 1085 992 sunt,
1102 930 1178 980 facile
1196 945 1279 994 popu·

188 1010 273 1071 sitam,
291 1010 336 1074 qui
353 1016 435 1059 artem
447 1015 561 1060 tractant
572 1009 714 1061 musicam!
750 1007 790 1056 lus
801 1009 950 1071 acquiescit.
982 1008 1101 1057 Naevium
1116 1022 1188 1070 ergo,
1201 1008 1280 1058 Plau·

188 1084 323 1149 ingenium
334 1090 362 1134 et
373 1085 514 1134 doctrinam
525 1099 597 1134 snam
607 1098 639 1134 ne
648 1099 716 1134 com·
750 1088 815 1141 tum,
836 1085 955 1145 Ennium,
974 1093 1077 1133 veteres
1100 1084 1211 1148 denique
1231 1083 1280 1131 Te·

188 1159 320 1222 nicodoro,
343 1174 496 1226 quamquam
523 1160 618 1210 actoris
641 1175 715 1222 rece,
752 1161 851 1209 renum
864 1161 901 1209 ait
911 1159 961 1209 boc
977 1158 1121 1219 factitante,
1133 1158 1202 1222 quod
1214 1158 1279 1207 vitio

188 1238 245 1302 ipse
268 1237 410 1301 rideretur,
431 1238 563 1288 industriae
585 1247 613 1289 ct
636 1240 715 1290 studii
752 1236 873 1286 Lavinius
882 1237 931 1299 ipsi
943 1234 1062 1285 dederat.
1095 1235 1137 1284 Ita
1145 1235 1278 1284 Cicerone

188 1314 292 1363 nornine
313 1314 473 1378 potissimum
495 1316 594 1401 ceusqi
614 1317 714 1367 voluit:
751 1312 891 1363 defendit:
917 1313 975 1378 (lib.
994 1327 1013 1363 ι.
1038 1314 1071 1362 de
1093 1311 1137 1361 liu.
1159 1327 1218 1375 cap.
1241 1310 1279 1372 3.)

189 1390 378 1453 spectatoribus
398 1399 483 1441 sutem
505 1397 533 1442 et
555 1392 714 1443 auditoribus
751 1392 933 1456 ‘Quamquam
952 1391 974 1439 si
995 1391 1070 1453 plane
1090 1391 1127 1440 sic
1151 1396 1278 1440 sartorem

188 1481 264 1517 ornue
280 1468 313 1517 (la
329 1482 450 1519 successu
473 1469 570 1520 laboris
589 1471 629 1520 aui
644 1470 715 1535 judi.
751 1466 890 1517 Platonem
909 1474 937 1516 et
951 1465 1129 1529 Aristotelem,
1147 1473 1176 1514 ut
1194 1471 1279 1515 verte·

188 1543 256 1594 cium
265 1546 437 1609 transcripsit.
470 1547 536 1600 Quae
545 1561 587 1598 res
598 1547 715 1612 inprimis
753 1549 814 1591 runt
823 1543 904 1592 11111ῐί
916 1541 1278 1603 Ροὃ111111111111110111111111

188 1620 332 1673 honorifica
343 1623 448 1686 populo,
463 1622 496 1673 dc
507 1624 634 1674 modestia
645 1626 714 1675 inan·
752 1618 842 1680 credo,
854 1633 968 1669 mererer
978 1619 1012 1668 do
1031 1621 1095 1669 meis
1112 1619 1220 1679 civibus,
1231 1618 1278 1667 aed

189 1711 237 1760 per
259 1696 350 1747 Poia'tea
370 1702 398 1747 at
416 1697 487 1746 cirili
509 1699 592 1747 animo
613 1699 714 1750 abunda
753 1696 786 1745 ad
798 1711 886 1747 eorum
901 1696 1075 1760 coguitionem
1087 1695 1174 1744 diviua
1185 1697 1230 1744 ilia
1241 1696 1278 1744 in·

189 1770 352 1821 testabatur:
369 1784 428 1820 cum
439 1773 585 1835 praesertim
593 1773 626 1822 ad
637 1775 716 1838 aequi·
752 1772 827 1835 genia
838 1771 1023 1833 transferrent
1037 1772 1083 1821 sed
1096 1773 1122 1822 id
1132 1786 1216 1835 neque
1225 1771 1279 1821 feci

189 1851 270 1895 tatem
283 1845 467 1910 judicantium,
485 1855 607 1912 tanquam
625 1850 656 1898 ad
674 1857 715 1899 tu·
753 1847 846 1908 adbuc,
856 1862 904 1897 nec
914 1848 976 1897 mibi
990 1830 1084 1911 tamen,
1094 1863 1126 1897 ne
1138 1848 1230 1897 tactam
1243 1849 1279 1911 in·

189 1920 316 1971 tissimum
327 1921 451 1971 adsersus
470 1924 608 1974 maledicos
627 1926 716 1988 prasi·
753 1921 980 1987 terdictumputo:
999 1924 1068 1973 locos
1084 1924 1188 1987 quidem
1206 1938 1280 1988 quos-

188 1996 269 2058 dium,
285 2011 313 2046 sa
323 1995 465 2062 confugere
475 2013 526 2048 uon
537 1999 716 2064 perfunctorie
753 1998 822 2055 dam,
846 1999 869 2047 si
899 1999 1038 2061 ridebitur,
1065 2000 1229 2063 transferam,
1252 2007 1278 2049 et

188 2072 285 2137 ubique
292 2072 468 2124 demonstret:
480 2074 526 2123 sed
538 2082 566 2124 et
584 2076 646 2127 iilud
664 2092 715 2128 uou
753 2074 861 2124 maxime
874 2075 906 2124 ab
918 2075 958 2134 iis,
970 2089 1032 2140 quus
1050 2076 1126 2124 modu
1139 2076 1278 2133 nominavi·

189 2162 279 2213 parum
289 2148 322 2199 ad
340 2146 453 2199 favorem
464 2151 658 2214 promerendum
670 2169 716 2217 po.
753 2164 811 2200 cum
821 2150 952 2212 inciderit,
964 2158 993 2200 ut
1006 2151 1031 2200 id
1042 2158 1103 2214 apte
1115 2151 1170 2200 {ieri
1181 2153 1278 2215 possiti

123 2222 127 2231 '
189 2225 265 2275 tuit:
288 2224 357 2290 quod
380 2240 430 2275 nou
451 2227 513 2276 alias
535 2243 563 2277 ae
584 2229 715 2280 scribendi
752 2230 783 2274 ut
804 2225 836 2275 ab
858 2225 973 2277 Homero
992 2228 1100 2288 Ennius,
1121 2226 1279 2278 Afraniusa

189 2316 295 2352 caussas
311 2303 415 2364 babere,
433 2318 508 2368 qnam
525 2311 554 2355 ut
571 2304 716 2358 delectaret
752 2300 992 2353 Menandrosolet!
1024 2304 1060 2352 Et
1071 2303 1161 2367 quidni
1178 2305 1280 2367 liceret,

187 2378 324 2442 pariterue
332 2379 577 2445 prodesset,magna
584 2397 716 2434 souvera-
752 2391 786 2427 ex
802 2379 886 2428 alicua
905 2379 991 2443 lingua
1009 2379 1036 2428 iu
1054 2393 1123 2428 suam
1136 2379 1279 2429 transferre

188 2453 258 2505 tione
270 2454 416 2518 profitetur.
450 2458 518 2507 Nam
527 2458 595 2521 quod
604 2460 638 2509 de
646 2460 715 2511 some
752 2455 957 2519 quaedam‚(cum
968 2457 1110 2519 praesertim
1118 2470 1167 2504 uon
1177 2458 1279 2519 enigma

188 2532 215 2582 in
234 2533 341 2596 prologo
354 2533 517 2583 Phormionis
533 2534 665 2598 inseritur,
682 2537 716 2586 ad
753 2530 818 2579 artis
832 2531 881 2580 boc
893 2530 949 2594 ait,)
963 2545 1021 2581 eum
1029 2531 1171 2583 Isocratem
1184 2531 1279 2594 ierant,

188 2605 349 2671 propositum
366 2607 507 2657 adversarii
529 2609 655 2673 pertinet,
671 2611 715 2675 qui
753 2611 822 2655 teste
833 2606 985 2667 Plutarcho,
1005 2608 1186 2671 panegyricum
1205 2624 1279 2659 strum

189 2681 350 2732 criminando
368 2679 468 2732 tubulas
478 2683 598 2733 Terentii
616 2685 665 2735 boc
679 2684 716 2734 ef·
754 2696 769 2733 e
785 2682 891 2746 Gorgiae
910 2691 938 2732 et
953 2683 1038 2747 Lyriae
1057 2684 1171 2746 scriptis,
1187 2685 1279 2734 eadem

189 2756 269 2808 licere
277 2757 715 2820 studeban‘ntastndioadfamem
751 2759 1279 2824 ilnguacompositir,transtulisse?Prox-

188 2833 364 2898 rajiccrcturt’
380 2833 458 2898 quod,
477 2841 577 2884 remota
593 2836 715 2886 orationis
752 2834 831 2884 imum
843 2842 893 2897 est,
910 2841 939 2884 ut
949 2835 1047 2885 animus
1057 2835 1193 2885 imitatoris
1204 2851 1280 2900 spec-

187 2908 294 2972 inridia,
305 2909 357 2959 tale
369 2909 715 2972 est‚eicutdel’oiitaaetor
752 2917 840 2962 tetur:
859 2912 964 2975 agnosci
986 2911 1049 2961 velit
1068 2926 1101 2961 an
1119 2911 1201 2961 latere
1218 2926 1277 2961 cnm

189 2993 320 3037 tentatura
338 2984 451 3036 futurum
470 2987 571 3037 scilieet
587 2985 676 3051 fuisse,
692 2989 714 3038 ei
752 2988 886 3039 imitatur:
904 2988 925 3037 si
934 2988 1089 3050 dissimulat,
1099 2986 1197 3038 furtum
1209 2990 1279 3038 vide-

189 3062 300 3111 crimiua
309 3062 450 3112 adversarii
461 3063 611 3126 valuissent,
621 3065 630 3093 ‘
640 3064 677 3115 Ut
688 3065 714 3114 iu
752 3066 775 3115 ri
785 3065 874 3130 possit,
883 3079 934 3115 uun
942 3065 1067 3115 imitatio:
1080 3079 1109 3115 se
1118 3072 1204 3115 autem
1213 3080 1280 3114 nuu-

190 3137 246 3186 otio
265 3142 335 3187 essct
353 3139 438 3201 petius
456 3155 532 3203 quam
551 3140 577 3188 iu
592 3141 715 3204 negotio?
752 3156 829 3207 quam
846 3143 894 3191 boc
905 3155 956 3191 non
967 3139 1096 3205 confiteri,
1105 3141 1218 3191 ostendit
1228 3143 1277 3190 'l'e-

189 3210 295 3262 Actoris
317 3213 396 3262 etiam
420 3214 520 3276 laudes,
540 3214 631 3265 Pudtaa
656 3230 714 3280 pro·
752 3218 859 3269 rentius.
890 3217 1019 3283 Apposite
1038 3219 1129 3269 Cicero
1149 3217 1177 3266 in
1194 3218 1279 3267 Bruto

188 3295 264 3339 aunt:
283 3290 426 3353 prasertim
442 3291 520 3353 senis,
532 3292 576 3342 diu
589 3292 622 3341 ad
633 3308 714 3358 popu·
751 3292 788 3358 (c.
800 3293 855 3357 111.)
869 3293 944 3344 ‘Nec
964 3308 1025 3343 vero
1042 3294 1091 3344 tibi
1109 3292 1184 3343 aliter
1196 3292 1280 3342 videri

188 3368 241 3417 lum
255 3369 715 3432 clari,quem,utaueturitateuasibi
752 3369 833 3421 debet
849 3386 857 3420 ι
886 3370 930 3434 qui
952 3385 968 3419 a
989 3370 1081 3421 Nerio
1102 3371 1145 3421 vel
1164 3370 1279 3420 sumsisti

188 3443 215 3493 iu
253 3459 332 3496 sceno
370 3444 497 3495 tribueret
530 3445 608 3509 (prol.
633 3445 716 3511 Hec.)
751 3447 843 3508 multa,
855 3446 877 3496 si
888 3445 997 3508 faterin
1014 3448 1066 3512 rei,
1085 3448 1107 3497 ι1
1123 3462 1212 3512 negas,
1224 3462 1280 3497 snr-

189 3534 240 3570 uon
258 3519 397 3570 dedecuit:
424 3535 482 3570 cum
503 3521 611 3571 Poitum
630 3522 714 3586 ipsum
752 3522 865 3586 ripnitti.
897 3523 933 3573 Et
951 3523 991 3574 M.
1009 3523 1108 3574 Seneca
1119 3526 1234 3574 suasoria
1252 3529 1277 3573 3.

189 3596 382 3661 vixquicquaur
397 3597 488 3660 magis,
504 3611 580 3662 quom
596 3597 714 3648 dissimu·
752 3597 833 3650 ‘boc'
860 3597 974 3665 (Nicetis
994 3596 1138 3665 ingenium)
1156 3599 1280 3648 ‘dicebat

188 3673 252 3723 latio
268 3673 440 3736 auctoritatis,
460 3673 554 3724 decere
573 3674 714 3725 rideretur.
752 3674 848 3740 Gallio,
861 3676 959 3727 Nasoni
974 3690 1021 3725 suo
1038 3673 1115 3724 vaide
1132 3673 1279 3736 placuisse,

190 3750 333 3811 (luterum,
367 3762 426 3813 qaae
458 3749 560 3799 crimini
587 3748 715 3800 dabantur
751 3750 840 3818 itaque
861 3750 963 3813 fecisse,
985 3748 1099 3816 quadiu
1116 3749 1204 3799 ruultis
1221 3753 1279 3801 aliia

190 3826 281 3877 Puiitae
293 3825 325 3875 ab
337 3823 713 3886 adversariia,boecfcresunt:
751 3828 866 3879 versibus
885 3826 1008 3892 Virgilius
1025 3822 1134 3885 fecerat,
1153 3840 1204 3874 nou
1224 3841 1280 3876 sur·

190 3904 283 3966 primo,
310 3902 378 3968 quod
406 3902 506 3952 Graecis
537 3898 715 3963 suffuraretur,
752 3899 1034 3966 ripiendicaussa‚scd
1048 3899 1130 3963 palam
1143 3901 1276 3953 imitandi:
1303 3896 1307 3904 '

189 3981 314 4044 quicquid
340 3980 491 4044 scriberet3
516 3979 620 4045 deinde,
646 3981 715 4046 quod
752 3978 800 4028 boc
821 3977 906 4027 animo
927 3983 957 4027 ut
973 3976 1052 4026 vellet
1072 3977 1192 4041 agnosci?
1223 3979 1279 4029 'Ad-

191 4056 330 4105 emicorum
347 4058 432 4121 potius
449 4058 563 4123 ingenio,
580 4073 714 4124 quamsuo
752 4053 862 4105 scribam
884 4061 912 4103 et
927 4051 1005 4102 Plinii
1028 4054 1107 4103 verba
1129 4068 1161 4103 ex
1184 4054 1279 4118 praefo-

189 4133 368 4196 adjutaretur3
379 4134 488 4199 denique
499 4137 567 4201 quod
576 4139 648 4188 tenui
659 4150 714 4186 ora·
752 4131 822 4181 tione
835 4130 978 4181 admirandi
995 4133 1100 4195 01111111
1117 4132 1223 4196 ‘selme'
1239 4135 1277 4184 111·

190 4211 261 4263 tioue
269 4217 296 4261 et
306 4209 436 4278 scriptura
445 4211 498 4264 lesi
507 4218 632 4266 uteretur.
649 4211 715 4263 Haec
753 4209 821 4275 quit,
835 4207 1031 4261 ‘conferentem
1050 4214 1169 4262 auctores
1178 4224 1220 4262 me
1231 4211 1278 4262 da·
