2676 4710
754 226 773 261 U

381 317 562 366 rennuunt
587 319 706 368 anna.
730 319 812 368 eor.
836 320 893 369 ιιι.
918 321 969 369 su.
993 322 1033 370 ιι.
1170 286 1265 371 trud

148 451 368 508 tter.‘Boeulertts.·
576 470 579 475 ·
598 486 600 492 ·
724 453 917 517 praepositione.
935 455 1053 504 Donatus.

188 523 603 595 Quidepasfustarssetffiserpere]
616 533 686 581 Erret
756 531 826 579 Itane
851 533 946 582 tandem
967 527 1074 591 umens]
1106 527 1257 592 Indignatio

150 603 477 665 impersonatisedicitur.
495 608 615 656 Βοιιιιιιιι.
647 654 649 659 ,
724 617 764 655 est
777 606 808 655 ad
827 607 1021 656 sestimutiouem
1040 606 1186 655 revocantis
1202 607 1256 669 ejas

160 720 162 724 a
182 679 554 743 *OptaserloesteapaerperoeJ
574 683 687 733 Datinus
724 681 795 731 dicta
809 684 851 731 vel
871 681 951 743 iacta,
972 696 988 730 a
1009 695 1060 745 quo
1083 683 1258 733 contemuitur

150 769 232 803 castus
243 761 289 816 est,
299 756 382 818 nteit,
392 757 586 820 ipsipuerperae
599 772 687 808 corant
725 758 790 822 orris.
810 758 886 806 Idem.
1223 816 1227 824 ¹

149 830 685 896 nonimperabat,q‚uidfactoaposesset.
757 833 870 897 Idoneus]
893 833 979 897 Aptus
1005 839 1033 884 at
1057 832 1083 882 ei
1112 823 1151 881 rei
1171 838 1258 883 natus.

147 906 197 956 Sic
208 905 274 954 enim
286 905 406 969 dicimus,
423 909 507 960 ‘Quia
519 909 555 957 ris
565 909 612 959 tibi
623 909 687 960 t'aei·
726 910 801 958 Idem.

149 979 221 1030 am?
237 981 313 1032 ideas.
644 1036 647 1039 ,
758 992 789 1036 13
808 987 863 1037 Tibi
875 988 957 1038 uideor
966 1003 1034 1052 quen
1049 988 1200 1052 tantoperte]
1216 988 1257 1039 Ex
1283 1013 1290 1025 ,

157 1099 160 1104 ,
186 1060 327 1124 Punperae]
361 1060 454 1112 Omnis
481 1079 540 1128 qnae
574 1065 689 1128 peperit,
725 1063 912 1114 omnibussere
929 1067 947 1114 l.
964 1081 985 1114 s.
1002 1063 1259 1129 tegendnneetmtle'

144 1151 273 1198 puerpera,
283 1137 436 1202 apavortene,
445 1155 502 1204 qnae
515 1141 635 1205 primum.
652 1142 688 1192 Et
723 1139 805 1187 eidem
820 1155 884 1190 esre:
899 1143 978 1192 aliter
991 1156 1042 1191 non
1059 1147 1258 1193 staretoetoua-

149 1225 203 1259 nou
213 1213 282 1275 quod
292 1229 410 1277 puerum,
420 1215 465 1264 sed
476 1217 545 1281 qtsod
553 1217 633 1267 filium
644 1231 688 1281 pe·
724 1213 784 1264 rius.
804 1216 921 1266 Fn'e‘raas.

149 1287 232 1349 perit,
246 1300 362 1352 puerpera
384 1291 455 1340 dicta
476 1302 525 1342 est.
560 1296 595 1344 Et
618 1293 686 1357 apud
725 1335 728 1341 .
755 1292 1010 1358 Apertesrtlerelario
1020 1290 1257 1358 lr’ieoe,etsnilere,

150 1372 324 1428 peteresprer
332 1368 611 1433 puelluapuermpuells.
628 1370 670 1420 Id.
724 1374 748 1418 el
759 1376 847 1430 operte.
864 1371 994 1420 Donatus.

159 1478 164 1484 .
185 1445 215 1490 ll
234 1442 353 1505 liliaque
370 1449 426 1492 sunt
444 1445 520 1506 intas]
543 1445 687 1507 Argumen·
757 1447 788 1492 tt
806 1444 899 1494 Saltem
921 1445 1041 1508 aaaron]
1063 1447 1132 1496 Mire
1155 1448 1257 1496 saitem

148 1523 208 1567 tum
218 1532 252 1569 ex
263 1518 375 1582 eoquod
388 1533 438 1567 non
450 1519 550 1569 tactatur
568 1527 617 1579 eat,
629 1535 687 1569 cum
724 1519 792 1582 qnod
806 1520 910 1583 ponitur
928 1522 955 1569 in
973 1521 1152 1583 desperatione
1164 1536 1258 1575 renuo.

147 1591 210 1641 fieri
227 1594 356 1655 potarent:
374 1600 402 1643 et
419 1608 452 1643 ex
469 1608 500 1642 eo
513 1595 581 1657 quod
593 1594 688 1647 factam
725 1594 814 1643 Primo
825 1595 894 1644 enirn
907 1594 994 1645 fuerat
1008 1597 1126 1646 bortatur
1146 1597 1258 1659 Daren,

147 1674 202 1729 eet,
215 1683 274 1719 cum
283 1668 341 1718 fieri
352 1684 401 1718 uon
412 1671 568 1731 oportuerit.
585 1671 661 1721 idem.
724 1679 754 1717 ut
766 1685 816 1717 non
829 1677 968 1720 conaretur
976 1671 1075 1723 saliere.
1092 1675 1167 1725 luem

183 1745 264 1807 latus,
275 1747 360 1796 oleraat
378 1749 407 1796 de
423 1748 475 1812 ain]
487 1749 527 1798 Ut
538 1763 571 1797 ex
584 1735 688 1799 Horatii
756 1745 848 1794 Saltem
868 1747 989 1810 arcsrate]
1013 1750 1138 1811 Ζεῦγμα
1158 1747 1258 1813 superi.

147 1829 301 1886 praecepto,
317 1824 402 1886 Epist.
416 1823 448 1872 ad
461 1824 588 1878 Pisones:
611 1827 687 1877 ‘Nec
724 1821 993 1887 ore,solteretneiptm:
1005 1834 1129 1877 autcerte
1140 1825 1258 1891 oiaasrler

147 1905 241 1947 tamen
259 1898 329 1948 intus
347 1900 431 1962 Digna
449 1900 514 1961 geri,
530 1915 631 1963 promea
659 1903 686 1952 iu
716 1898 805 1958 saltere
816 1900 923 1961 incipies.
941 1901 1024 1951 idem.

148 1975 282 2025 scenamz’
300 1977 334 2026 ad
352 1977 471 2039 Glycerii
485 1977 686 2040 invocationem,
754 1976 844 2026 &uem
864 1978 985 2041 aramme]
1012 1980 1112 2029 Saltem
1133 1989 1257 2032 accurate

149 2065 232 2101 scena
248 2051 422 2114 praecedenti,
439 2052 526 2104 ‘Jnuo
539 2055 686 2104 Lasciuafer
720 2048 836 2102 fallacias
849 2060 875 2102 te
888 2055 1030 2104 intendisse
1048 2058 1174 2120 oportuit.
1193 2058 1257 2108 Fer·

149 2141 228 2189 opem
238 2125 255 2174 ι’
265 2128 407 2191 apponitur
416 2143 465 2177 eoa
473 2128 540 2177 intus
551 2130 576 2177 in
584 2131 621 2180 M.
629 2132 685 2194 plo·
721 2127 812 2178 solim

106 2222 112 2243 ι
147 2204 241 2253 rimis:
260 2203 328 2267 apud
341 2204 463 2253 Plautum
478 2205 486 2232 ‘
499 2204 569 2255 intus
579 2206 685 2257 confici·
757 2204 828 2252 Certe
844 2206 867 2253 si
882 2204 1029 2268 rercioerim]
1052 2208 1087 2256 Et
1106 2212 1191 2257 utrum
1209 2222 1257 2271 pre

149 2287 198 2330 nnt
209 2279 342 2342 negotium
351 2278 359 2302 '
369 2294 448 2343 saepe,
463 2285 492 2329 et
499 2287 588 2329 noster
599 2282 624 2328 in
638 2282 684 2330 ult.
722 2291 781 2325 curn
794 2281 958 2329 nesciverint:
977 2296 1008 2329 an
1018 2282 1079 2344 qesia
1090 2281 1200 2331 stultum
1216 2296 1258 2331 me

148 2356 684 2419 hujuscomoedisr,‘iutusdespondebitur,
723 2361 800 2415 putas
811 2356 820 2402 i
832 2357 949 2404 Donatus.

150 2434 222 2482 intus
233 2435 392 2498 transigetur
400 2433 418 2483 :'
435 2434 479 2482 Ita
489 2442 516 2483 et
527 2433 685 2496 egredienti·
757 2433 789 2477 ld
807 2431 878 2482 Certe
890 2431 965 2478 berrle
976 2445 1037 2479 nune
1048 2429 1132 2494 birse]
1149 2431 1209 2481 Hoc
1221 2432 1258 2483 ita

148 2510 200 2559 bus
218 2512 296 2560 moris
307 2517 374 2567 erat,
392 2511 449 2559 illos
464 2511 508 2574 qui
530 2518 604 2559 erant
617 2512 685 2560 intur
722 2502 829 2578 dicitur,
851 2514 881 2555 nt
897 2506 988 2555 audiat
1005 2515 1148 2570 spectator,
1164 2518 1258 2558 noum

149 2587 256 2650 alloqui,
272 2588 295 2636 al
309 2587 374 2652 quid
386 2600 450 2650 opus
466 2587 540 2636 dicto
550 2594 596 2636 aut
615 2585 685 2636 iacto
722 2578 805 2628 Simo·
823 2580 901 2630 Idem·

148 2669 230 2712 esset.
251 2663 394 2712 Farrrnbins.
757 2657 829 2707 Certe
848 2658 934 2719 broie,
954 2658 1009 2723 ba]
1026 2659 1139 2710 Avernus
1161 2678 1179 2711 a
1194 2678 1256 2713 sene

157 2762 158 2765 ¹
183 2739 280 2787 Claraot
298 2742 328 2787 ‹le
339 2737 392 2800 nio]
409 2737 478 2786 Mire
497 2739 594 2793 claram,
611 2738 685 2802 qtrasi
722 2734 754 2781 ad
767 2744 940 2798 spectatores,
948 2737 1015 2798 brec,
1027 2744 1055 2787 et
1073 2752 1137 2787 voce
1149 2739 1256 2788 submis-

148 2815 230 2873 ἀίω,
242 2814 332 2863 maluit
350 2815 473 2874 clamare,
490 2828 566 2876 quam
582 2814 638 2863 eine
650 2815 684 2863 le.
721 2824 760 2869 sa,
772 2811 840 2858 unde
861 2813 972 2861 tacuisse
990 2813 1093 2863 videtur
1114 2816 1170 2864 sani
1187 2831 1257 2880 quaa·

145 2889 213 2939 bore
224 2889 295 2938 intua
306 2889 442 2952 imperare.
460 2889 578 2937 Donatus.
723 2887 792 2935 renti
803 2888 860 2948 qaid
869 2886 952 2937 taces?
968 2889 1118 2938 Farnobius.

182 2967 214 3012 ta
234 2964 257 3011 0
269 2964 346 3025 Dore,
364 2962 425 3012 itun’
442 2969 576 3012 contemnor
590 2964 633 3012 obs
650 2970 684 3025 te,
756 2963 857 3011 Edixin'
868 2965 924 3027 tr'bs']
934 2965 986 3012 Hic
995 2963 1059 3011 illud
1072 2963 1167 3023 reddit,
1178 2966 1186 2992 ‘
1196 2965 1257 3015 Edi·

147 3041 202 3104 um]
225 3040 359 3090 Describit
376 3053 435 3088 cum
448 3037 544 3088 affectu
557 3045 585 3087 et
600 3038 685 3101 figura
722 3052 755 3088 eo
767 3039 815 3087 tibi
828 3054 859 3087 ne
870 3050 968 3087 temere
980 3038 1080 3086 facias)
1096 3040 1214 3091 Donatus.

149 3115 343 3171 contumeliam,
355 3129 370 3162 a
381 3122 466 3163 ana-et
477 3115 546 3163 serui
561 3128 684 3177 persona,
754 3113 848 3161 Edixin
858 3113 916 3174 tibi]
933 3113 1015 3176 Supra
1033 3122 1084 3163 act.
1092 3128 1114 3164 1.
1128 3121 1206 3166 .sc.1.
1219 3132 1257 3167 vs.

149 3189 287 3256 factoquer
305 3192 373 3257 quod
395 3192 451 3240 eine
471 3191 571 3255 pudore
592 3189 685 3254 flagitii
722 3193 763 3238 8³.
779 3190 849 3238 ‘Sed
866 3190 925 3239 dico
938 3189 985 3238 tibi
1002 3205 1034 3240 ne
1046 3199 1146 3243 temere
1159 3192 1257 3247 facias.'

150 3274 244 3332 aperte
268 3268 358 3318 berum
378 3274 543 3317 contemnere
567 3281 599 3315 ac
619 3269 684 3316 ludi·
723 3265 853 3316 Boeoleraa.

150 3343 208 3393 brio
228 3345 323 3395 babere
340 3343 402 3393 nibil
420 3351 556 3393 vereatur:
573 3343 685 3406 προσήκει
724 3365 725 3368 “
756 3347 786 3392 15
805 3342 976 3392 Interminatus
990 3343 1053 3406 sara]
1071 3343 1124 3392 Pro
1145 3344 1257 3394 minatus

148 3420 176 3470 δὲ
197 3423 249 3470 reis
268 3421 353 3480 ἦιτισι
375 3419 408 3481 μὴ
440 3418 579 3482 danaprin:
603 3420 685 3468 ‘nibil
724 3432 789 3467 essm.
810 3417 1051 3467 PlautminAnlul.
1067 3420 1257 3470 ‘Praetereali-

150 3500 237 3547 minus
268 3499 334 3547 enirn
367 3496 533 3547 inferioribus
554 3497 686 3557 convenit,
724 3495 846 3556 bicinam,
860 3496 991 3559 quaemihi
1011 3493 1170 3545 interbibere
1193 3495 1258 3552 sela,

149 3590 228 3639 qnam
260 3576 408 3638 superiores
447 3571 629 3630 contemnere,’
656 3580 684 3622 ut
723 3573 744 3619 si
768 3573 827 3620 vino
848 3579 960 3631 scateat,
978 3570 1185 3622 Corinthiensem
1201 3570 1257 3622 ιὀιι-

150 3650 311 3701 Aristoteles
341 3648 434 3711 inqrrit,
467 3661 526 3695 cum
558 3646 685 3695 irascendi
722 3656 812 3698 temet
823 3649 979 3712 Pyrenaeum
989 3646 1092 3709 puteat?
1107 3648 1224 3698 Desertus.

150 3741 243 3776 censae
261 3727 408 3790 exequitur.
430 3723 553 3786 (libetur.
564 3720 608 3781 ιι.)
627 3723 684 3771 Be·
757 3727 821 3776 Nam
840 3726 939 3788 neritus]
961 3724 1257 3783 verecundioremne

150 3805 239 3854 elem.
723 3815 829 3851 ursus:
858 3809 886 3850 et
911 3802 985 3849 deest
1007 3815 1045 3849 es:
1064 3807 1138 3861 apta
1158 3798 1257 3860 ellipsis

185 3881 257 3932 Itane
267 3883 402 3928 contemnor
412 3875 453 3924 aba
463 3874 499 3937 te]
517 3874 575 3924 Hoc
592 3881 632 3922 est
643 3889 685 3922 us·
724 3876 856 3925 irascenti.
884 3876 966 3936 Alibi,
992 3875 1073 3924 ‘Non
1096 3874 1254 3926 simultatem

150 3955 327 4020 qsre'adeone
347 3951 510 4002 contemnor?
527 3950 603 3999 valde
624 3964 686 4000 eon·
724 3965 806 3998 meam
819 3950 962 4000 resererii'
979 3950 1056 3998 Idem.

139 4031 270 4082 ternum?
287 4031 388 4079 Temnos
403 4034 488 4077 antem
502 4026 686 4088 Graenmear,
758 4027 823 4082 Quid
834 4025 932 4089 retulit]
957 4025 1060 4086 Retulit,
1089 4025 1197 4090 profuit,
1216 4029 1256 4077 vel

151 4107 179 4156 id
202 4113 252 4169 est,
270 4107 346 4154 eoedor
363 4111 390 4152 et
401 4100 574 4166 epidamnum
587 4101 617 4150 eb
631 4100 687 4162 ebo
724 4101 860 4153 interfuit:
872 4109 900 4152 et
907 4102 1027 4166 producit
1036 4117 1064 4152 re
1075 4103 1215 4168 syllabam3
1228 4112 1257 4154 et

150 4178 686 4243 repar:namneterestemaodicebantsiue
724 4188 764 4231 est
785 4193 891 4229 sensus:
916 4178 960 4229 Sic
975 4181 1163 4244 contempsisti,
1183 4179 1256 4244 quasi
