<?xml version="1.0" encoding="UTF-8"?>
<!DOCTYPE html PUBLIC "-//W3C//DTD XHTML 1.0 Transitional//EN"
    "http://www.w3.org/TR/xhtml1/DTD/xhtml1-transitional.dtd">
<html xmlns="http://www.w3.org/1999/xhtml" xml:lang="en" lang="en">
 <head>
  <title>
</title>
<meta http-equiv="Content-Type" content="text/html;charset=utf-8" />
  <meta name='ocr-system' content='tesseract 3.04.00' />
  <meta name='ocr-capabilities' content='ocr_page ocr_carea ocr_par ocr_line ocrx_word'/>
</head>
<body>
  <div class='ocr_page' id='page_1' title='image "./comoedisex02westgoog_0025.png"; bbox 0 0 2676 4710; ppageno 0'>
   <div class='ocr_carea' id='block_1_1' title="bbox 115 313 894 378">
    <p class='ocr_par' dir='ltr' id='par_1_1' title="bbox 115 313 894 378">
     <span class='ocr_line' id='line_1_1' title="bbox 115 313 894 378; baseline -0.01 -2"><span class='ocrx_word' id='word_1_1' title='bbox 115 313 201 378; x_wconf 78' lang='lat'>1032</span> <span class='ocrx_word' id='word_1_2' title='bbox 458 326 566 374; x_wconf 80' lang='lat' dir='ltr'><strong>norm</strong></span> <span class='ocrx_word' id='word_1_3' title='bbox 590 322 792 373; x_wconf 82' lang='lat' dir='ltr'><strong>vsnronun</strong></span> <span class='ocrx_word' id='word_1_4' title='bbox 817 324 855 372; x_wconf 86' lang='lat' dir='ltr'><strong>m</strong></span> <span class='ocrx_word' id='word_1_5' title='bbox 891 363 894 368; x_wconf 86' lang='lat'>.</span> 
     </span>
    </p>
   </div>
   <div class='ocr_carea' id='block_1_2' title="bbox 107 464 1217 3045">
    <p class='ocr_par' dir='ltr' id='par_1_2' title="bbox 107 464 1217 3045">
     <span class='ocr_line' id='line_1_2' title="bbox 146 464 1203 533; baseline -0.01 -12"><span class='ocrx_word' id='word_1_6' title='bbox 146 473 177 521; x_wconf 80' lang='lat' dir='ltr'><strong>la</strong></span> <span class='ocrx_word' id='word_1_7' title='bbox 187 473 230 521; x_wconf 87' lang='lat' dir='ltr'><strong>isti</strong></span> <span class='ocrx_word' id='word_1_8' title='bbox 239 468 375 533; x_wconf 72' lang='lat' dir='ltr'><strong>vituperant</strong></span> <span class='ocrx_word' id='word_1_9' title='bbox 381 469 485 530; x_wconf 76' lang='lat' dir='ltr'><strong>fartam,</strong></span> <span class='ocrx_word' id='word_1_10' title='bbox 497 470 639 533; x_wconf 81' lang='lat' dir='ltr'><strong>ntqmineo</strong></span> <span class='ocrx_word' id='word_1_11' title='bbox 668 465 929 527; x_wconf 60' lang='lat' dir='ltr'><strong>tansmisimus,</strong></span> <span class='ocrx_word' id='word_1_12' title='bbox 945 464 1085 527; x_wconf 89' lang='lat' dir='ltr'><strong>utopinor,</strong></span> <span class='ocrx_word' id='word_1_13' title='bbox 1103 478 1136 512; x_wconf 85' lang='lat' dir='ltr'><strong>ex</strong></span> <span class='ocrx_word' id='word_1_14' title='bbox 1154 465 1203 512; x_wconf 86' lang='lat' dir='ltr'><strong>La·</strong></span> 
     </span>
     <span class='ocr_line' id='line_1_3' title="bbox 115 541 1203 612; baseline -0.01 -15"><span class='ocrx_word' id='word_1_15' title='bbox 115 546 248 612; x_wconf 75' lang='lat' dir='ltr'><strong>disputant]</strong></span> <span class='ocrx_word' id='word_1_16' title='bbox 271 545 319 594; x_wconf 87' lang='lat' dir='ltr'><strong>Vel</strong></span> <span class='ocrx_word' id='word_1_17' title='bbox 339 545 476 608; x_wconf 77' lang='lat' dir='ltr'><strong>objectori</strong></span> <span class='ocrx_word' id='word_1_18' title='bbox 502 558 536 593; x_wconf 85' lang='lat' dir='ltr'><strong>ex</strong></span> <span class='ocrx_word' id='word_1_19' title='bbox 555 544 590 607; x_wconf 84' lang='lat' dir='ltr'><strong>ist,</strong></span> <span class='ocrx_word' id='word_1_20' title='bbox 608 558 640 592; x_wconf 90' lang='lat' dir='ltr'><strong>ea</strong></span> <span class='ocrx_word' id='word_1_21' title='bbox 677 544 735 593; x_wconf 90' lang='lat' dir='ltr'><strong>tinis</strong></span> <span class='ocrx_word' id='word_1_22' title='bbox 747 544 852 605; x_wconf 89' lang='lat' dir='ltr'><strong>primus,</strong></span> <span class='ocrx_word' id='word_1_23' title='bbox 863 543 910 590; x_wconf 86' lang='lat' dir='ltr'><strong>bac</strong></span> <span class='ocrx_word' id='word_1_24' title='bbox 930 541 1055 603; x_wconf 88' lang='lat' dir='ltr'><strong>particula</strong></span> <span class='ocrx_word' id='word_1_25' title='bbox 1071 555 1119 599; x_wconf 82' lang='lat' dir='ltr'><strong>nra,</strong></span> <span class='ocrx_word' id='word_1_26' title='bbox 1135 541 1203 586; x_wconf 87' lang='lat' dir='ltr'><strong>male</strong></span> 
     </span>
     <span class='ocr_line' id='line_1_4' title="bbox 116 616 1202 687; baseline -0.01 -15"><span class='ocrx_word' id='word_1_27' title='bbox 116 622 215 687; x_wconf 81' lang='lat' dir='ltr'><strong>syllaba</strong></span> <span class='ocrx_word' id='word_1_28' title='bbox 227 635 273 684; x_wconf 90' lang='lat' dir='ltr'><strong>per</strong></span> <span class='ocrx_word' id='word_1_29' title='bbox 289 621 453 684; x_wconf 75' lang='lat' dir='ltr'><strong>synaloephen</strong></span> <span class='ocrx_word' id='word_1_30' title='bbox 471 621 585 681; x_wconf 89' lang='lat' dir='ltr'><strong>eliditur,</strong></span> <span class='ocrx_word' id='word_1_31' title='bbox 599 621 641 670; x_wconf 84' lang='lat' dir='ltr'><strong>vel</strong></span> <span class='ocrx_word' id='word_1_32' title='bbox 677 633 737 668; x_wconf 90' lang='lat' dir='ltr'><strong>usos</strong></span> <span class='ocrx_word' id='word_1_33' title='bbox 748 627 796 668; x_wconf 88' lang='lat' dir='ltr'><strong>est.</strong></span> <span class='ocrx_word' id='word_1_34' title='bbox 829 621 892 668; x_wconf 83' lang='lat' dir='ltr'><strong>Eam</strong></span> <span class='ocrx_word' id='word_1_35' title='bbox 905 616 1010 681; x_wconf 87' lang='lat' dir='ltr'><strong>quidem</strong></span> <span class='ocrx_word' id='word_1_36' title='bbox 1027 617 1120 665; x_wconf 89' lang='lat' dir='ltr'><strong>millies</strong></span> <span class='ocrx_word' id='word_1_37' title='bbox 1132 629 1202 663; x_wconf 86' lang='lat' dir='ltr'><strong>usur·</strong></span> 
     </span>
     <span class='ocr_line' id='line_1_5' title="bbox 115 690 1203 760; baseline -0.009 -12"><span class='ocrx_word' id='word_1_38' title='bbox 115 698 210 748; x_wconf 86' lang='lat' dir='ltr'><strong>existi</strong></span> <span class='ocrx_word' id='word_1_39' title='bbox 232 713 244 746; x_wconf 92' lang='lat' dir='ltr'><strong>s</strong></span> <span class='ocrx_word' id='word_1_40' title='bbox 267 697 339 753; x_wconf 87' lang='lat' dir='ltr'><strong>eliso,</strong></span> <span class='ocrx_word' id='word_1_41' title='bbox 358 697 429 759; x_wconf 88' lang='lat' dir='ltr'><strong>prior</strong></span> <span class='ocrx_word' id='word_1_42' title='bbox 447 697 501 760; x_wconf 83' lang='lat' dir='ltr'><strong>ejus</strong></span> <span class='ocrx_word' id='word_1_43' title='bbox 522 697 641 746; x_wconf 87' lang='lat' dir='ltr'><strong>dictionis</strong></span> <span class='ocrx_word' id='word_1_44' title='bbox 678 703 724 757; x_wconf 89' lang='lat' dir='ltr'><strong>pat</strong></span> <span class='ocrx_word' id='word_1_45' title='bbox 735 696 850 754; x_wconf 86' lang='lat' dir='ltr'><strong>Plautus,</strong></span> <span class='ocrx_word' id='word_1_46' title='bbox 861 694 913 742; x_wconf 75' lang='lat' dir='ltr'><strong>‘sed</strong></span> <span class='ocrx_word' id='word_1_47' title='bbox 934 706 1063 754; x_wconf 87' lang='lat' dir='ltr'><strong>nonquam</strong></span> <span class='ocrx_word' id='word_1_48' title='bbox 1083 692 1138 739; x_wconf 89' lang='lat' dir='ltr'><strong>sine</strong></span> <span class='ocrx_word' id='word_1_49' title='bbox 1158 690 1203 738; x_wconf 85' lang='lat' dir='ltr'><strong>ali·</strong></span> 
     </span>
     <span class='ocr_line' id='line_1_6' title="bbox 115 767 1206 838; baseline -0.009 -13"><span class='ocrx_word' id='word_1_50' title='bbox 115 775 215 838; x_wconf 84' lang='lat' dir='ltr'><strong>syllaba</strong></span> <span class='ocrx_word' id='word_1_51' title='bbox 227 773 311 822; x_wconf 86' lang='lat' dir='ltr'><strong>brevis</strong></span> <span class='ocrx_word' id='word_1_52' title='bbox 328 772 372 822; x_wconf 87' lang='lat' dir='ltr'><strong>tit:</strong></span> <span class='ocrx_word' id='word_1_53' title='bbox 390 781 420 821; x_wconf 88' lang='lat' dir='ltr'><strong>ut</strong></span> <span class='ocrx_word' id='word_1_54' title='bbox 440 774 537 836; x_wconf 89' lang='lat' dir='ltr'><strong>primus</strong></span> <span class='ocrx_word' id='word_1_55' title='bbox 549 788 595 836; x_wconf 90' lang='lat' dir='ltr'><strong>pes</strong></span> <span class='ocrx_word' id='word_1_56' title='bbox 607 773 642 821; x_wconf 90' lang='lat' dir='ltr'><strong>sit</strong></span> <span class='ocrx_word' id='word_1_57' title='bbox 678 785 728 835; x_wconf 88' lang='lat' dir='ltr'><strong>quo</strong></span> <span class='ocrx_word' id='word_1_58' title='bbox 739 785 772 819; x_wconf 84' lang='lat' dir='ltr'><strong>ex</strong></span> <span class='ocrx_word' id='word_1_59' title='bbox 784 768 977 833; x_wconf 83' lang='lat' dir='ltr'>pronominibus</span> <span class='ocrx_word' id='word_1_60' title='bbox 995 767 1127 830; x_wconf 81' lang='lat' dir='ltr'><strong>adJuncto.</strong></span> <span class='ocrx_word' id='word_1_61' title='bbox 1161 767 1206 816; x_wconf 84' lang='lat' dir='ltr'><strong>Ita</strong></span> 
     </span>
     <span class='ocr_line' id='line_1_7' title="bbox 115 846 1207 913; baseline -0.008 -13"><span class='ocrx_word' id='word_1_62' title='bbox 115 856 281 913; x_wconf 81' lang='lat' dir='ltr'><strong>anapaestus:</strong></span> <span class='ocrx_word' id='word_1_63' title='bbox 299 850 340 898; x_wconf 86' lang='lat' dir='ltr'><strong>rel</strong></span> <span class='ocrx_word' id='word_1_64' title='bbox 351 848 641 913; x_wconf 80' lang='lat' dir='ltr'><strong>oitaperoatfittrisylla·</strong></span> <span class='ocrx_word' id='word_1_65' title='bbox 677 854 705 895; x_wconf 83' lang='lat' dir='ltr'><strong>ot</strong></span> <span class='ocrx_word' id='word_1_66' title='bbox 716 861 749 894; x_wconf 91' lang='lat' dir='ltr'><strong>ea</strong></span> <span class='ocrx_word' id='word_1_67' title='bbox 760 861 830 895; x_wconf 90' lang='lat' dir='ltr'><strong>usum</strong></span> <span class='ocrx_word' id='word_1_68' title='bbox 848 860 904 894; x_wconf 85' lang='lat' dir='ltr'><strong>asso</strong></span> <span class='ocrx_word' id='word_1_69' title='bbox 923 846 1083 906; x_wconf 82' lang='lat' dir='ltr'>Ciceronem,</span> <span class='ocrx_word' id='word_1_70' title='bbox 1100 857 1207 906; x_wconf 87' lang='lat' dir='ltr'><strong>compe·</strong></span> 
     </span>
     <span class='ocr_line' id='line_1_8' title="bbox 116 921 1204 991; baseline -0.01 -13"><span class='ocrx_word' id='word_1_71' title='bbox 116 928 187 987; x_wconf 90' lang='lat' dir='ltr'><strong>bum,</strong></span> <span class='ocrx_word' id='word_1_72' title='bbox 196 926 259 974; x_wconf 90' lang='lat' dir='ltr'><strong>eliso</strong></span> <span class='ocrx_word' id='word_1_73' title='bbox 270 941 294 989; x_wconf 90' lang='lat' dir='ltr'><strong>e,</strong></span> <span class='ocrx_word' id='word_1_74' title='bbox 303 941 350 988; x_wconf 89' lang='lat' dir='ltr'><strong>per</strong></span> <span class='ocrx_word' id='word_1_75' title='bbox 357 940 487 990; x_wconf 86' lang='lat' dir='ltr'><strong>syncopen</strong></span> <span class='ocrx_word' id='word_1_76' title='bbox 497 943 503 975; x_wconf 81' lang='grc' dir='ltr'><strong>ι</strong></span> <span class='ocrx_word' id='word_1_77' title='bbox 517 926 585 991; x_wconf 89' lang='lat' dir='ltr'><strong>qnod</strong></span> <span class='ocrx_word' id='word_1_78' title='bbox 598 925 641 975; x_wconf 84' lang='lat' dir='ltr'><strong>ali·</strong></span> <span class='ocrx_word' id='word_1_79' title='bbox 678 921 784 985; x_wconf 81' lang='lat' dir='ltr'><strong>rior,n‹e</strong></span> <span class='ocrx_word' id='word_1_80' title='bbox 794 928 829 984; x_wconf 82' lang='lat' dir='ltr'><strong>ts,</strong></span> <span class='ocrx_word' id='word_1_81' title='bbox 839 937 875 970; x_wconf 77' lang='grc' dir='ltr'><strong>ιιι</strong></span> <span class='ocrx_word' id='word_1_82' title='bbox 886 938 936 983; x_wconf 83' lang='lat' dir='ltr'><strong>nos,</strong></span> <span class='ocrx_word' id='word_1_83' title='bbox 947 938 983 970; x_wconf 79' lang='lat' dir='ltr'><strong>na</strong></span> <span class='ocrx_word' id='word_1_84' title='bbox 993 923 1046 983; x_wconf 86' lang='lat' dir='ltr'><strong>iste,</strong></span> <span class='ocrx_word' id='word_1_85' title='bbox 1056 937 1093 968; x_wconf 77' lang='lat' dir='ltr'><strong>aa</strong></span> <span class='ocrx_word' id='word_1_86' title='bbox 1104 935 1154 976; x_wconf 81' lang='lat' dir='ltr'><strong>aas,</strong></span> <span class='ocrx_word' id='word_1_87' title='bbox 1166 935 1204 968; x_wconf 76' lang='lat' dir='ltr'><strong>aa</strong></span> 
     </span>
     <span class='ocr_line' id='line_1_9' title="bbox 118 999 1207 1068; baseline -0.006 -16"><span class='ocrx_word' id='word_1_88' title='bbox 118 1005 277 1068; x_wconf 82' lang='lat' dir='ltr'><strong>quimalunt.</strong></span> <span class='ocrx_word' id='word_1_89' title='bbox 295 1003 409 1052; x_wconf 73' lang='lat' dir='ltr'><strong>Fuimus.</strong></span> <span class='ocrx_word' id='word_1_90' title='bbox 677 999 725 1059; x_wconf 85' lang='lat' dir='ltr'><strong>illi,</strong></span> <span class='ocrx_word' id='word_1_91' title='bbox 746 1004 796 1049; x_wconf 69' lang='lat' dir='ltr'><strong>&amp;m</strong></span> <span class='ocrx_word' id='word_1_92' title='bbox 839 1000 940 1068; x_wconf 59' lang='lat' dir='ltr'><strong>llempe</strong></span> <span class='ocrx_word' id='word_1_93' title='bbox 961 999 1008 1047; x_wconf 92' lang='lat' dir='ltr'><strong>sub</strong></span> <span class='ocrx_word' id='word_1_94' title='bbox 1028 999 1133 1047; x_wconf 83' lang='lat' dir='ltr'><strong>Tiberio</strong></span> <span class='ocrx_word' id='word_1_95' title='bbox 1161 1011 1207 1045; x_wconf 85' lang='lat' dir='ltr'><strong>sua</strong></span> 
     </span>
     <span class='ocr_line' id='line_1_10' title="bbox 150 1073 1205 1141; baseline -0.006 -13"><span class='ocrx_word' id='word_1_96' title='bbox 150 1078 292 1141; x_wconf 84' lang='lat' dir='ltr'><strong>Disputont]</strong></span> <span class='ocrx_word' id='word_1_97' title='bbox 302 1079 471 1141; x_wconf 89' lang='lat' dir='ltr'><strong>Dissentiunt,</strong></span> <span class='ocrx_word' id='word_1_98' title='bbox 480 1092 511 1126; x_wconf 81' lang='lat' dir='ltr'><strong>ax</strong></span> <span class='ocrx_word' id='word_1_99' title='bbox 520 1078 557 1126; x_wconf 81' lang='lat' dir='ltr'><strong>dis</strong></span> <span class='ocrx_word' id='word_1_100' title='bbox 566 1083 593 1126; x_wconf 86' lang='lat' dir='ltr'><strong>et</strong></span> <span class='ocrx_word' id='word_1_101' title='bbox 599 1092 642 1140; x_wconf 82' lang='lat' dir='ltr'><strong>pa·</strong></span> <span class='ocrx_word' id='word_1_102' title='bbox 678 1075 761 1124; x_wconf 82' lang='lat' dir='ltr'><strong>edidit</strong></span> <span class='ocrx_word' id='word_1_103' title='bbox 771 1076 867 1132; x_wconf 86' lang='lat' dir='ltr'><strong>Livius,</strong></span> <span class='ocrx_word' id='word_1_104' title='bbox 880 1082 910 1124; x_wconf 90' lang='lat' dir='ltr'><strong>ut</strong></span> <span class='ocrx_word' id='word_1_105' title='bbox 920 1090 953 1124; x_wconf 85' lang='lat' dir='ltr'><strong>ex</strong></span> <span class='ocrx_word' id='word_1_106' title='bbox 965 1091 996 1124; x_wconf 89' lang='lat' dir='ltr'><strong>eo</strong></span> <span class='ocrx_word' id='word_1_107' title='bbox 1005 1083 1124 1137; x_wconf 86' lang='lat' dir='ltr'><strong>apparet,</strong></span> <span class='ocrx_word' id='word_1_108' title='bbox 1135 1073 1205 1136; x_wconf 85' lang='lat' dir='ltr'><strong>qnod</strong></span> 
     </span>
     <span class='ocr_line' id='line_1_11' title="bbox 117 1150 1205 1215; baseline -0.004 -11"><span class='ocrx_word' id='word_1_109' title='bbox 117 1160 178 1204; x_wconf 88' lang='lat' dir='ltr'><strong>tant.</strong></span> <span class='ocrx_word' id='word_1_110' title='bbox 196 1154 349 1204; x_wconf 86' lang='lat' dir='ltr'><strong>Faruabius.</strong></span> <span class='ocrx_word' id='word_1_111' title='bbox 679 1151 775 1202; x_wconf 86' lang='lat' dir='ltr'><strong>alicubi</strong></span> <span class='ocrx_word' id='word_1_112' title='bbox 794 1151 875 1215; x_wconf 87' lang='lat' dir='ltr'><strong>dicat,</strong></span> <span class='ocrx_word' id='word_1_113' title='bbox 892 1166 921 1200; x_wconf 93' lang='lat' dir='ltr'><strong>se</strong></span> <span class='ocrx_word' id='word_1_114' title='bbox 939 1151 1069 1201; x_wconf 80' lang='lat' dir='ltr'><strong>audivisse</strong></span> <span class='ocrx_word' id='word_1_115' title='bbox 1087 1150 1120 1199; x_wconf 90' lang='lat' dir='ltr'><strong>de</strong></span> <span class='ocrx_word' id='word_1_116' title='bbox 1137 1150 1205 1199; x_wconf 76' lang='lat' dir='ltr'><strong>Dino</strong></span> 
     </span>
     <span class='ocr_line' id='line_1_12' title="bbox 151 1227 1207 1293; baseline -0.004 -14"><span class='ocrx_word' id='word_1_117' title='bbox 151 1234 182 1279; x_wconf 86' lang='lat' dir='ltr'><strong>lo</strong></span> <span class='ocrx_word' id='word_1_118' title='bbox 200 1229 376 1292; x_wconf 82' lang='lat' dir='ltr'><strong>Contaminari]</strong></span> <span class='ocrx_word' id='word_1_119' title='bbox 402 1230 513 1293; x_wconf 83' lang='lat' dir='ltr'><strong>Proprie</strong></span> <span class='ocrx_word' id='word_1_120' title='bbox 534 1229 643 1280; x_wconf 79' lang='lat' dir='ltr'><strong>contami·</strong></span> <span class='ocrx_word' id='word_1_121' title='bbox 679 1227 863 1291; x_wconf 61' lang='lat' dir='ltr'><strong>Augustam.</strong></span> <span class='ocrx_word' id='word_1_122' title='bbox 896 1227 1207 1290; x_wconf 76' lang='lat' dir='ltr'><strong>AtLatiuitas,germaoa</strong></span> 
     </span>
     <span class='ocr_line' id='line_1_13' title="bbox 117 1304 1205 1372; baseline -0.004 -18"><span class='ocrx_word' id='word_1_123' title='bbox 117 1321 174 1372; x_wconf 76' lang='lat' dir='ltr'><strong>aare</strong></span> <span class='ocrx_word' id='word_1_124' title='bbox 192 1312 243 1366; x_wconf 87' lang='lat' dir='ltr'><strong>est,</strong></span> <span class='ocrx_word' id='word_1_125' title='bbox 254 1307 370 1356; x_wconf 88' lang='lat' dir='ltr'><strong>manibus</strong></span> <span class='ocrx_word' id='word_1_126' title='bbox 388 1308 443 1356; x_wconf 91' lang='lat' dir='ltr'><strong>luto</strong></span> <span class='ocrx_word' id='word_1_127' title='bbox 455 1308 536 1370; x_wconf 88' lang='lat' dir='ltr'><strong>plenis</strong></span> <span class='ocrx_word' id='word_1_128' title='bbox 549 1306 642 1370; x_wconf 84' lang='lat' dir='ltr'><strong>aliquid</strong></span> <span class='ocrx_word' id='word_1_129' title='bbox 679 1304 732 1366; x_wconf 85' lang='lat' dir='ltr'><strong>illa,</strong></span> <span class='ocrx_word' id='word_1_130' title='bbox 748 1305 860 1367; x_wconf 87' lang='lat' dir='ltr'><strong>inquam,</strong></span> <span class='ocrx_word' id='word_1_131' title='bbox 876 1311 903 1354; x_wconf 88' lang='lat' dir='ltr'><strong>et</strong></span> <span class='ocrx_word' id='word_1_132' title='bbox 922 1319 987 1368; x_wconf 87' lang='lat' dir='ltr'><strong>pura</strong></span> <span class='ocrx_word' id='word_1_133' title='bbox 998 1305 1135 1364; x_wconf 86' lang='lat' dir='ltr'><strong>Latinitas,</strong></span> <span class='ocrx_word' id='word_1_134' title='bbox 1149 1304 1205 1366; x_wconf 84' lang='lat' dir='ltr'><strong>jam</strong></span> 
     </span>
     <span class='ocr_line' id='line_1_14' title="bbox 118 1380 1206 1446; baseline -0.003 -16"><span class='ocrx_word' id='word_1_135' title='bbox 118 1382 268 1446; x_wconf 81' lang='lat' dir='ltr'><strong>attingere:</strong></span> <span class='ocrx_word' id='word_1_136' title='bbox 287 1391 315 1433; x_wconf 90' lang='lat' dir='ltr'><strong>et</strong></span> <span class='ocrx_word' id='word_1_137' title='bbox 336 1384 493 1434; x_wconf 81' lang='lat' dir='ltr'><strong>contaminare</strong></span> <span class='ocrx_word' id='word_1_138' title='bbox 515 1385 644 1446; x_wconf 82' lang='lat' dir='ltr'><strong>attingere</strong></span> <span class='ocrx_word' id='word_1_139' title='bbox 680 1386 743 1430; x_wconf 90' lang='lat' dir='ltr'><strong>tnnc</strong></span> <span class='ocrx_word' id='word_1_140' title='bbox 766 1389 836 1431; x_wconf 89' lang='lat' dir='ltr'><strong>retro</strong></span> <span class='ocrx_word' id='word_1_141' title='bbox 858 1380 980 1445; x_wconf 75' lang='lat' dir='ltr'><strong>sublapsa</strong></span> <span class='ocrx_word' id='word_1_142' title='bbox 1001 1381 1108 1442; x_wconf 84' lang='lat' dir='ltr'><strong>ruebat;</strong></span> <span class='ocrx_word' id='word_1_143' title='bbox 1136 1380 1206 1442; x_wconf 88' lang='lat' dir='ltr'><strong>quod</strong></span> 
     </span>
     <span class='ocr_line' id='line_1_15' title="bbox 117 1452 1205 1524; baseline -0.004 -17"><span class='ocrx_word' id='word_1_144' title='bbox 117 1461 329 1522; x_wconf 87' lang='lat' dir='ltr'><strong>estetpolluere.</strong></span> <span class='ocrx_word' id='word_1_145' title='bbox 350 1461 643 1524; x_wconf 73' lang='lat' dir='ltr'><strong>Virgiliusz‘Linquere</strong></span> <span class='ocrx_word' id='word_1_146' title='bbox 680 1465 782 1522; x_wconf 89' lang='lat' dir='ltr'><strong>patrum</strong></span> <span class='ocrx_word' id='word_1_147' title='bbox 801 1452 946 1507; x_wconf 86' lang='lat' dir='ltr'><strong>nostrorum</strong></span> <span class='ocrx_word' id='word_1_148' title='bbox 965 1456 1089 1506; x_wconf 88' lang='lat' dir='ltr'><strong>memoria</strong></span> <span class='ocrx_word' id='word_1_149' title='bbox 1113 1456 1205 1519; x_wconf 88' lang='lat' dir='ltr'><strong>pulcre</strong></span> 
     </span>
     <span class='ocr_line' id='line_1_16' title="bbox 119 1533 1206 1600; baseline -0.004 -16"><span class='ocrx_word' id='word_1_150' title='bbox 119 1536 411 1600; x_wconf 87' lang='lat' dir='ltr'><strong>pollutomlrospitinru,&#39;</strong></span> <span class='ocrx_word' id='word_1_151' title='bbox 425 1537 644 1600; x_wconf 88' lang='lat' dir='ltr'><strong>idest,contami·</strong></span> <span class='ocrx_word' id='word_1_152' title='bbox 679 1535 761 1584; x_wconf 87' lang='lat' dir='ltr'><strong>sensit</strong></span> <span class='ocrx_word' id='word_1_153' title='bbox 785 1534 925 1596; x_wconf 89' lang='lat' dir='ltr'><strong>Victorius,</strong></span> <span class='ocrx_word' id='word_1_154' title='bbox 951 1533 1027 1582; x_wconf 87' lang='lat' dir='ltr'><strong>hodie</strong></span> <span class='ocrx_word' id='word_1_155' title='bbox 1055 1534 1132 1597; x_wconf 92' lang='lat' dir='ltr'><strong>pauci</strong></span> <span class='ocrx_word' id='word_1_156' title='bbox 1148 1546 1206 1581; x_wconf 89' lang='lat' dir='ltr'><strong>sen-</strong></span> 
     </span>
     <span class='ocr_line' id='line_1_17' title="bbox 119 1611 1149 1663; baseline 0.004 -5"><span class='ocrx_word' id='word_1_157' title='bbox 119 1619 217 1659; x_wconf 89' lang='lat' dir='ltr'><strong>uatum.</strong></span> <span class='ocrx_word' id='word_1_158' title='bbox 236 1611 355 1660; x_wconf 86' lang='lat' dir='ltr'><strong>Donatus.</strong></span> <span class='ocrx_word' id='word_1_159' title='bbox 681 1613 757 1663; x_wconf 83' lang='lat' dir='ltr'><strong>tinnt.</strong></span> <span class='ocrx_word' id='word_1_160' title='bbox 774 1612 860 1661; x_wconf 86' lang='lat' dir='ltr'><strong>Faber.</strong></span> <span class='ocrx_word' id='word_1_161' title='bbox 1142 1645 1149 1656; x_wconf 79' lang='lat'><strong>·</strong></span> 
     </span>
     <span class='ocr_line' id='line_1_18' title="bbox 153 1686 1209 1753; baseline -0.001 -18"><span class='ocrx_word' id='word_1_162' title='bbox 153 1689 326 1752; x_wconf 71' lang='lat' dir='ltr'><strong>Contaminari]</strong></span> <span class='ocrx_word' id='word_1_163' title='bbox 336 1689 417 1751; x_wconf 77' lang='lat' dir='ltr'><strong>Tangi</strong></span> <span class='ocrx_word' id='word_1_164' title='bbox 428 1697 456 1738; x_wconf 90' lang='lat' dir='ltr'><strong>et</strong></span> <span class='ocrx_word' id='word_1_165' title='bbox 472 1689 579 1753; x_wconf 82' lang='lat' dir='ltr'>relinqui</span> <span class='ocrx_word' id='word_1_166' title='bbox 592 1691 646 1752; x_wconf 92' lang='lat' dir='ltr'><strong>pol·</strong></span> <span class='ocrx_word' id='word_1_167' title='bbox 714 1690 817 1740; x_wconf 82' lang='lat' dir='ltr'><strong>Faciunt</strong></span> <span class='ocrx_word' id='word_1_168' title='bbox 828 1694 855 1737; x_wconf 84' lang='lat' dir='ltr'><strong>at</strong></span> <span class='ocrx_word' id='word_1_169' title='bbox 865 1687 926 1737; x_wconf 80' lang='lat' dir='ltr'><strong>nilril</strong></span> <span class='ocrx_word' id='word_1_170' title='bbox 937 1686 1086 1748; x_wconf 70' lang='lat' dir='ltr'><strong>managam]</strong></span> <span class='ocrx_word' id='word_1_171' title='bbox 1105 1688 1152 1735; x_wconf 86' lang='lat' dir='ltr'><strong>Est</strong></span> <span class='ocrx_word' id='word_1_172' title='bbox 1164 1687 1209 1735; x_wconf 85' lang='lat' dir='ltr'><strong>ist·</strong></span> 
     </span>
     <span class='ocr_line' id='line_1_19' title="bbox 120 1763 1210 1828; baseline 0 -18"><span class='ocrx_word' id='word_1_173' title='bbox 120 1764 174 1812; x_wconf 88' lang='lat' dir='ltr'><strong>lnta</strong></span> <span class='ocrx_word' id='word_1_174' title='bbox 186 1779 271 1825; x_wconf 86' lang='lat' dir='ltr'><strong>maun,</strong></span> <span class='ocrx_word' id='word_1_175' title='bbox 287 1779 317 1813; x_wconf 89' lang='lat' dir='ltr'><strong>ac</strong></span> <span class='ocrx_word' id='word_1_176' title='bbox 337 1781 383 1828; x_wconf 90' lang='lat' dir='ltr'><strong>per</strong></span> <span class='ocrx_word' id='word_1_177' title='bbox 399 1766 448 1814; x_wconf 88' lang='lat' dir='ltr'><strong>boe</strong></span> <span class='ocrx_word' id='word_1_178' title='bbox 465 1767 537 1814; x_wconf 86' lang='lat' dir='ltr'><strong>velut</strong></span> <span class='ocrx_word' id='word_1_179' title='bbox 554 1766 645 1814; x_wconf 75' lang='lat' dir='ltr'><strong>foedari</strong></span> <span class='ocrx_word' id='word_1_180' title='bbox 681 1767 731 1816; x_wconf 82' lang='lat' dir='ltr'><strong>linc</strong></span> <span class='ocrx_word' id='word_1_181' title='bbox 742 1782 774 1815; x_wconf 85' lang='lat' dir='ltr'><strong>ex</strong></span> <span class='ocrx_word' id='word_1_182' title='bbox 784 1766 882 1827; x_wconf 89' lang='lat' dir='ltr'><strong>optima</strong></span> <span class='ocrx_word' id='word_1_183' title='bbox 899 1766 942 1813; x_wconf 88' lang='lat' dir='ltr'><strong>illa</strong></span> <span class='ocrx_word' id='word_1_184' title='bbox 960 1764 1043 1812; x_wconf 86' lang='lat' dir='ltr'><strong>reteri</strong></span> <span class='ocrx_word' id='word_1_185' title='bbox 1055 1763 1210 1822; x_wconf 78' lang='lat' dir='ltr'><strong>Latinitate,</strong></span> 
     </span>
     <span class='ocr_line' id='line_1_20' title="bbox 121 1840 1210 1904; baseline 0.001 -19"><span class='ocrx_word' id='word_1_186' title='bbox 121 1846 166 1886; x_wconf 89' lang='lat' dir='ltr'><strong>aut</strong></span> <span class='ocrx_word' id='word_1_187' title='bbox 178 1840 310 1901; x_wconf 87' lang='lat' dir='ltr'><strong>maculari,</strong></span> <span class='ocrx_word' id='word_1_188' title='bbox 326 1849 354 1889; x_wconf 92' lang='lat' dir='ltr'><strong>ut</strong></span> <span class='ocrx_word' id='word_1_189' title='bbox 375 1841 430 1902; x_wconf 88' lang='lat' dir='ltr'><strong>ipse</strong></span> <span class='ocrx_word' id='word_1_190' title='bbox 448 1842 581 1891; x_wconf 73' lang='lat' dir='ltr'><strong>aitt‘Ne</strong></span> <span class='ocrx_word' id='word_1_191' title='bbox 598 1842 646 1889; x_wconf 85' lang='lat' dir='ltr'><strong>lroc</strong></span> <span class='ocrx_word' id='word_1_192' title='bbox 682 1856 739 1904; x_wconf 86' lang='lat' dir='ltr'><strong>pro,</strong></span> <span class='ocrx_word' id='word_1_193' title='bbox 770 1841 833 1888; x_wconf 84' lang='lat' dir='ltr'><strong>nihil</strong></span> <span class='ocrx_word' id='word_1_194' title='bbox 863 1840 1019 1901; x_wconf 84' lang='lat' dir='ltr'><strong>intelligunt.</strong></span> <span class='ocrx_word' id='word_1_195' title='bbox 1060 1840 1153 1888; x_wconf 86' lang='lat' dir='ltr'><strong>Cicero</strong></span> <span class='ocrx_word' id='word_1_196' title='bbox 1181 1844 1210 1886; x_wconf 91' lang='lat' dir='ltr'><strong>et</strong></span> 
     </span>
     <span class='ocr_line' id='line_1_21' title="bbox 119 1914 1210 1981; baseline 0 -19"><span class='ocrx_word' id='word_1_197' title='bbox 119 1914 645 1981; x_wconf 74' lang='lat' dir='ltr'><strong>gaudiumcontaminetvitamaegritudine</strong></span> <span class='ocrx_word' id='word_1_198' title='bbox 683 1919 791 1966; x_wconf 89' lang='lat' dir='ltr'><strong>Plautus</strong></span> <span class='ocrx_word' id='word_1_199' title='bbox 818 1917 880 1965; x_wconf 87' lang='lat' dir='ltr'><strong>locis</strong></span> <span class='ocrx_word' id='word_1_200' title='bbox 907 1915 1033 1975; x_wconf 87' lang='lat' dir='ltr'><strong>infinitis;</strong></span> <span class='ocrx_word' id='word_1_201' title='bbox 1055 1922 1082 1964; x_wconf 84' lang='lat' dir='ltr'><strong>ot</strong></span> <span class='ocrx_word' id='word_1_202' title='bbox 1102 1915 1210 1976; x_wconf 77' lang='lat' dir='ltr'><strong>Terent.</strong></span> 
     </span>
     <span class='ocr_line' id='line_1_22' title="bbox 123 1990 847 2052; baseline 0.001 -13"><span class='ocrx_word' id='word_1_203' title='bbox 123 1990 224 2052; x_wconf 74' lang='lat' dir='ltr'><strong>alique!</strong></span> <span class='ocrx_word' id='word_1_204' title='bbox 241 1992 315 2043; x_wconf 76' lang='lat' dir='ltr'><strong>lilern.</strong></span> <span class='ocrx_word' id='word_1_205' title='bbox 682 1992 754 2041; x_wconf 87' lang='lat' dir='ltr'><strong>alibi.</strong></span> <span class='ocrx_word' id='word_1_206' title='bbox 771 1992 847 2040; x_wconf 79' lang='lat' dir='ltr'><strong>Idem.</strong></span> 
     </span>
     <span class='ocr_line' id='line_1_23' title="bbox 107 2067 1211 2133; baseline 0.003 -19"><span class='ocrx_word' id='word_1_207' title='bbox 107 2095 111 2108; x_wconf 88' lang='lat'><em>·</em></span> <span class='ocrx_word' id='word_1_208' title='bbox 157 2067 319 2116; x_wconf 80' lang='lat' dir='ltr'><strong>Contaminari</strong></span> <span class='ocrx_word' id='word_1_209' title='bbox 335 2084 381 2117; x_wconf 86' lang='lat' dir='ltr'><strong>non</strong></span> <span class='ocrx_word' id='word_1_210' title='bbox 400 2070 491 2133; x_wconf 72' lang='lat' dir='ltr'><strong>maere]</strong></span> <span class='ocrx_word' id='word_1_211' title='bbox 509 2069 540 2118; x_wconf 82' lang='lat' dir='ltr'><strong>ln</strong></span> <span class='ocrx_word' id='word_1_212' title='bbox 558 2078 598 2118; x_wconf 89' lang='lat' dir='ltr'><strong>est</strong></span> <span class='ocrx_word' id='word_1_213' title='bbox 615 2084 647 2118; x_wconf 83' lang='lat' dir='ltr'><strong>ex</strong></span> <span class='ocrx_word' id='word_1_214' title='bbox 716 2070 817 2118; x_wconf 81' lang='lat' dir='ltr'><strong>Faciunt</strong></span> <span class='ocrx_word' id='word_1_215' title='bbox 828 2084 865 2119; x_wconf 79' lang='lat' dir='ltr'><strong>nco</strong></span> <span class='ocrx_word' id='word_1_216' title='bbox 875 2069 1027 2131; x_wconf 76' lang='lat' dir='ltr'><strong>intelligendo</strong></span> <span class='ocrx_word' id='word_1_217' title='bbox 1037 2069 1131 2117; x_wconf 85' lang='lat' dir='ltr'><strong>ntnilril</strong></span> <span class='ocrx_word' id='word_1_218' title='bbox 1141 2068 1211 2117; x_wconf 82' lang='lat' dir='ltr'><strong>intet-</strong></span> 
     </span>
     <span class='ocr_line' id='line_1_24' title="bbox 120 2144 1212 2208; baseline 0.004 -18"><span class='ocrx_word' id='word_1_219' title='bbox 120 2144 208 2191; x_wconf 87' lang='lat' dir='ltr'><strong>multis</strong></span> <span class='ocrx_word' id='word_1_220' title='bbox 222 2159 295 2193; x_wconf 86' lang='grc' dir='ltr'><strong>ιιιιιιιιι</strong></span> <span class='ocrx_word' id='word_1_221' title='bbox 306 2160 356 2194; x_wconf 92' lang='lat' dir='ltr'><strong>nou</strong></span> <span class='ocrx_word' id='word_1_222' title='bbox 368 2145 460 2195; x_wconf 86' lang='lat' dir='ltr'><strong>decere</strong></span> <span class='ocrx_word' id='word_1_223' title='bbox 471 2145 567 2195; x_wconf 82' lang='lat' dir='ltr'><strong>facere.</strong></span> <span class='ocrx_word' id='word_1_224' title='bbox 585 2147 624 2195; x_wconf 79' lang='lat' dir='ltr'><strong>lat.</strong></span> <span class='ocrx_word' id='word_1_225' title='bbox 682 2145 771 2207; x_wconf 77' lang='lat' dir='ltr'><strong>ligant]</strong></span> <span class='ocrx_word' id='word_1_226' title='bbox 784 2146 849 2195; x_wconf 84' lang='lat' dir='ltr'><strong>Haec</strong></span> <span class='ocrx_word' id='word_1_227' title='bbox 860 2146 996 2208; x_wconf 86' lang='lat' dir='ltr'><strong>particula,</strong></span> <span class='ocrx_word' id='word_1_228' title='bbox 1007 2161 1052 2207; x_wconf 84' lang='lat' dir='ltr'><strong>noe,</strong></span> <span class='ocrx_word' id='word_1_229' title='bbox 1063 2145 1212 2208; x_wconf 83' lang='lat' dir='ltr'><strong>ubicunqne</strong></span> 
     </span>
     <span class='ocr_line' id='line_1_25' title="bbox 156 2219 1214 2284; baseline 0.002 -18"><span class='ocrx_word' id='word_1_230' title='bbox 156 2219 320 2269; x_wconf 79' lang='lat' dir='ltr'><strong>Contaminari</strong></span> <span class='ocrx_word' id='word_1_231' title='bbox 339 2237 384 2270; x_wconf 87' lang='lat' dir='ltr'><strong>non</strong></span> <span class='ocrx_word' id='word_1_232' title='bbox 400 2224 480 2271; x_wconf 83' lang='lat' dir='ltr'><strong>decere</strong></span> <span class='ocrx_word' id='word_1_233' title='bbox 491 2221 604 2284; x_wconf 77' lang='lat' dir='ltr'><strong>Fabulae]</strong></span> <span class='ocrx_word' id='word_1_234' title='bbox 618 2222 648 2270; x_wconf 89' lang='grc' dir='ltr'><strong>Τ.</strong></span> <span class='ocrx_word' id='word_1_235' title='bbox 685 2222 752 2284; x_wconf 87' lang='lat' dir='ltr'><strong>apud</strong></span> <span class='ocrx_word' id='word_1_236' title='bbox 766 2229 884 2270; x_wconf 80' lang='lat' dir='ltr'><strong>auctores</strong></span> <span class='ocrx_word' id='word_1_237' title='bbox 904 2221 1043 2281; x_wconf 87' lang='lat' dir='ltr'><strong>invenitur,</strong></span> <span class='ocrx_word' id='word_1_238' title='bbox 1063 2235 1110 2282; x_wconf 85' lang='lat' dir='ltr'><strong>pro</strong></span> <span class='ocrx_word' id='word_1_239' title='bbox 1128 2220 1214 2281; x_wconf 84' lang='lat' dir='ltr'><strong>raltle,</strong></span> 
     </span>
     <span class='ocr_line' id='line_1_26' title="bbox 122 2295 1213 2362; baseline -0.001 -17"><span class='ocrx_word' id='word_1_240' title='bbox 122 2296 209 2345; x_wconf 89' lang='lat' dir='ltr'><strong>Livius</strong></span> <span class='ocrx_word' id='word_1_241' title='bbox 225 2298 382 2347; x_wconf 84' lang='lat' dir='ltr'><strong>contaminare</strong></span> <span class='ocrx_word' id='word_1_242' title='bbox 398 2305 421 2347; x_wconf 89' lang='lat' dir='ltr'><strong>et</strong></span> <span class='ocrx_word' id='word_1_243' title='bbox 440 2299 580 2359; x_wconf 59' lang='lat' dir='ltr'><strong>cantandae</strong></span> <span class='ocrx_word' id='word_1_244' title='bbox 599 2313 649 2346; x_wconf 89' lang='lat' dir='ltr'><strong>una</strong></span> <span class='ocrx_word' id='word_1_245' title='bbox 686 2299 782 2362; x_wconf 88' lang='lat' dir='ltr'><strong>relpro</strong></span> <span class='ocrx_word' id='word_1_246' title='bbox 793 2314 808 2347; x_wconf 93' lang='grc' dir='ltr'>ο</span> <span class='ocrx_word' id='word_1_247' title='bbox 820 2312 905 2362; x_wconf 88' lang='lat' dir='ltr'><strong>quam,</strong></span> <span class='ocrx_word' id='word_1_248' title='bbox 915 2312 966 2345; x_wconf 93' lang='lat' dir='ltr'><strong>non</strong></span> <span class='ocrx_word' id='word_1_249' title='bbox 977 2295 1032 2346; x_wconf 86' lang='lat' dir='ltr'><strong>fere</strong></span> <span class='ocrx_word' id='word_1_250' title='bbox 1045 2297 1071 2344; x_wconf 94' lang='lat' dir='ltr'><strong>in</strong></span> <span class='ocrx_word' id='word_1_251' title='bbox 1083 2296 1134 2344; x_wconf 91' lang='lat' dir='ltr'><strong>ullo</strong></span> <span class='ocrx_word' id='word_1_252' title='bbox 1147 2295 1213 2344; x_wconf 92' lang='lat' dir='ltr'><strong>libro</strong></span> 
     </span>
     <span class='ocr_line' id='line_1_27' title="bbox 123 2371 1213 2438; baseline -0.001 -17"><span class='ocrx_word' id='word_1_253' title='bbox 123 2372 198 2421; x_wconf 90' lang='lat' dir='ltr'><strong>simul</strong></span> <span class='ocrx_word' id='word_1_254' title='bbox 204 2373 303 2434; x_wconf 83' lang='lat' dir='ltr'><strong>junxit,</strong></span> <span class='ocrx_word' id='word_1_255' title='bbox 312 2388 395 2437; x_wconf 87' lang='lat' dir='ltr'><strong>neque</strong></span> <span class='ocrx_word' id='word_1_256' title='bbox 408 2375 434 2424; x_wconf 87' lang='lat' dir='ltr'><strong>id</strong></span> <span class='ocrx_word' id='word_1_257' title='bbox 451 2376 538 2438; x_wconf 91' lang='lat' dir='ltr'><strong>semel,</strong></span> <span class='ocrx_word' id='word_1_258' title='bbox 556 2375 599 2425; x_wconf 89' lang='lat' dir='ltr'><strong>nbi</strong></span> <span class='ocrx_word' id='word_1_259' title='bbox 616 2374 648 2423; x_wconf 84' lang='lat' dir='ltr'><strong>de</strong></span> <span class='ocrx_word' id='word_1_260' title='bbox 688 2389 734 2423; x_wconf 91' lang='lat' dir='ltr'><strong>nec</strong></span> <span class='ocrx_word' id='word_1_261' title='bbox 755 2374 861 2438; x_wconf 88' lang='lat' dir='ltr'><strong>antiquo</strong></span> <span class='ocrx_word' id='word_1_262' title='bbox 877 2387 926 2423; x_wconf 89' lang='lat' dir='ltr'><strong>nec</strong></span> <span class='ocrx_word' id='word_1_263' title='bbox 946 2374 1054 2432; x_wconf 86' lang='lat' dir='ltr'><strong>recenti,</strong></span> <span class='ocrx_word' id='word_1_264' title='bbox 1071 2385 1118 2433; x_wconf 89' lang='lat' dir='ltr'><strong>per</strong></span> <span class='ocrx_word' id='word_1_265' title='bbox 1138 2371 1213 2434; x_wconf 81' lang='lat' dir='ltr'><strong>‹liph-</strong></span> 
     </span>
     <span class='ocr_line' id='line_1_28' title="bbox 122 2449 1213 2514; baseline 0 -16"><span class='ocrx_word' id='word_1_266' title='bbox 122 2449 246 2512; x_wconf 81' lang='lat' dir='ltr'><strong>ronjugiis</strong></span> <span class='ocrx_word' id='word_1_267' title='bbox 257 2451 416 2513; x_wconf 80' lang='lat' dir='ltr'><strong>plebeiorum</strong></span> <span class='ocrx_word' id='word_1_268' title='bbox 425 2466 482 2500; x_wconf 86' lang='lat' dir='ltr'><strong>cunr</strong></span> <span class='ocrx_word' id='word_1_269' title='bbox 494 2450 596 2500; x_wconf 83' lang='lat' dir='ltr'><strong>familiis</strong></span> <span class='ocrx_word' id='word_1_270' title='bbox 604 2466 649 2499; x_wconf 91' lang='lat' dir='ltr'><strong>no·</strong></span> <span class='ocrx_word' id='word_1_271' title='bbox 686 2453 809 2514; x_wconf 81' lang='lat' dir='ltr'><strong>thongum</strong></span> <span class='ocrx_word' id='word_1_272' title='bbox 827 2452 927 2514; x_wconf 89' lang='lat' dir='ltr'><strong>scripta</strong></span> <span class='ocrx_word' id='word_1_273' title='bbox 942 2451 1096 2511; x_wconf 89' lang='lat' dir='ltr'><strong>invenietur,</strong></span> <span class='ocrx_word' id='word_1_274' title='bbox 1107 2449 1153 2498; x_wconf 84' lang='lat' dir='ltr'><strong>sed</strong></span> <span class='ocrx_word' id='word_1_275' title='bbox 1165 2464 1213 2512; x_wconf 88' lang='lat' dir='ltr'><strong>per</strong></span> 
     </span>
     <span class='ocr_line' id='line_1_29' title="bbox 122 2523 1214 2590; baseline 0 -18"><span class='ocrx_word' id='word_1_276' title='bbox 122 2523 254 2572; x_wconf 89' lang='lat' dir='ltr'><strong>bilioribus</strong></span> <span class='ocrx_word' id='word_1_277' title='bbox 271 2525 333 2586; x_wconf 79' lang='lat' dir='ltr'><strong>egit.</strong></span> <span class='ocrx_word' id='word_1_278' title='bbox 367 2526 544 2587; x_wconf 82' lang='lat' dir='ltr'><strong>Contegitum,</strong></span> <span class='ocrx_word' id='word_1_279' title='bbox 561 2533 649 2576; x_wconf 88' lang='lat' dir='ltr'><strong>conta·</strong></span> <span class='ocrx_word' id='word_1_280' title='bbox 685 2526 1214 2590; x_wconf 79' lang='lat' dir='ltr'><strong>epurumzitaqueetiamlegisseetscrip-</strong></span> 
     </span>
     <span class='ocr_line' id='line_1_30' title="bbox 122 2599 1215 2662; baseline 0.003 -16"><span class='ocrx_word' id='word_1_281' title='bbox 122 2599 218 2660; x_wconf 75' lang='lat' dir='ltr'><strong>gimen,</strong></span> <span class='ocrx_word' id='word_1_282' title='bbox 240 2608 385 2661; x_wconf 80' lang='lat' dir='ltr'><strong>nontamen,</strong></span> <span class='ocrx_word' id='word_1_283' title='bbox 406 2601 560 2649; x_wconf 84' lang='lat' dir='ltr'><strong>contamino.</strong></span> <span class='ocrx_word' id='word_1_284' title='bbox 601 2599 649 2649; x_wconf 83' lang='lat' dir='ltr'><strong>At·</strong></span> <span class='ocrx_word' id='word_1_285' title='bbox 686 2603 749 2650; x_wconf 85' lang='lat' dir='ltr'><strong>sisse</strong></span> <span class='ocrx_word' id='word_1_286' title='bbox 760 2602 863 2652; x_wconf 87' lang='lat' dir='ltr'><strong>videtur</strong></span> <span class='ocrx_word' id='word_1_287' title='bbox 873 2604 1003 2662; x_wconf 84' lang='lat' dir='ltr'><strong>Donatus,</strong></span> <span class='ocrx_word' id='word_1_288' title='bbox 1012 2602 1215 2662; x_wconf 84' lang='lat' dir='ltr'><strong>diceus‚‘Haue</strong></span> 
     </span>
     <span class='ocr_line' id='line_1_31' title="bbox 121 2675 1216 2741; baseline 0.003 -19"><span class='ocrx_word' id='word_1_289' title='bbox 121 2679 198 2736; x_wconf 82' lang='lat' dir='ltr'><strong>tago,</strong></span> <span class='ocrx_word' id='word_1_290' title='bbox 217 2675 309 2738; x_wconf 80' lang='lat' dir='ltr'><strong>attagi,</strong></span> <span class='ocrx_word' id='word_1_291' title='bbox 331 2675 477 2738; x_wconf 71' lang='lat' dir='ltr'><strong>attagitum</strong></span> <span class='ocrx_word' id='word_1_292' title='bbox 501 2675 649 2739; x_wconf 71' lang='lat' dir='ltr'><strong>attagimem</strong></span> <span class='ocrx_word' id='word_1_293' title='bbox 687 2677 840 2740; x_wconf 83' lang='lat' dir='ltr'><strong>particulam</strong></span> <span class='ocrx_word' id='word_1_294' title='bbox 853 2692 895 2738; x_wconf 88' lang='lat' dir='ltr'><strong>ne,</strong></span> <span class='ocrx_word' id='word_1_295' title='bbox 911 2677 952 2726; x_wconf 81' lang='lat' dir='ltr'><strong>liic</strong></span> <span class='ocrx_word' id='word_1_296' title='bbox 972 2685 1000 2726; x_wconf 91' lang='lat' dir='ltr'><strong>et</strong></span> <span class='ocrx_word' id='word_1_297' title='bbox 1018 2686 1139 2741; x_wconf 88' lang='lat' dir='ltr'><strong>correpte</strong></span> <span class='ocrx_word' id='word_1_298' title='bbox 1156 2692 1216 2726; x_wconf 90' lang='lat' dir='ltr'><strong>cum</strong></span> 
     </span>
     <span class='ocr_line' id='line_1_32' title="bbox 125 2751 1217 2817; baseline 0.003 -20"><span class='ocrx_word' id='word_1_299' title='bbox 125 2757 251 2812; x_wconf 87' lang='lat' dir='ltr'><strong>attamen,</strong></span> <span class='ocrx_word' id='word_1_300' title='bbox 283 2753 417 2801; x_wconf 88' lang='lat' dir='ltr'><strong>attamino.</strong></span> <span class='ocrx_word' id='word_1_301' title='bbox 460 2751 578 2803; x_wconf 86' lang='lat' dir='ltr'><strong>Justinus</strong></span> <span class='ocrx_word' id='word_1_302' title='bbox 604 2751 649 2800; x_wconf 88' lang='lat' dir='ltr'><strong>lib.</strong></span> <span class='ocrx_word' id='word_1_303' title='bbox 687 2754 892 2816; x_wconf 83' lang='lat' dir='ltr'><strong>interrogatione</strong></span> <span class='ocrx_word' id='word_1_304' title='bbox 915 2755 1087 2817; x_wconf 84' lang='lat' dir='ltr'><strong>pronuntiari,</strong></span> <span class='ocrx_word' id='word_1_305' title='bbox 1110 2760 1137 2802; x_wconf 90' lang='lat' dir='ltr'><strong>et</strong></span> <span class='ocrx_word' id='word_1_306' title='bbox 1156 2768 1217 2816; x_wconf 91' lang='lat' dir='ltr'><strong>pro-</strong></span> 
     </span>
     <span class='ocr_line' id='line_1_33' title="bbox 124 2826 1216 2893; baseline 0.001 -18"><span class='ocrx_word' id='word_1_307' title='bbox 124 2839 209 2875; x_wconf 81' lang='lat' dir='ltr'><strong>xxxi.</strong></span> <span class='ocrx_word' id='word_1_308' title='bbox 235 2827 356 2892; x_wconf 88' lang='lat' dir='ltr'><strong>‘Neqnis</strong></span> <span class='ocrx_word' id='word_1_309' title='bbox 375 2828 432 2876; x_wconf 92' lang='lat' dir='ltr'><strong>illas</strong></span> <span class='ocrx_word' id='word_1_310' title='bbox 455 2827 621 2876; x_wconf 84' lang='lat' dir='ltr'><strong>attaminaret</strong></span> <span class='ocrx_word' id='word_1_311' title='bbox 633 2826 649 2876; x_wconf 88' lang='lat'><strong>:’</strong></span> <span class='ocrx_word' id='word_1_312' title='bbox 688 2830 766 2878; x_wconf 85' lang='lat' dir='ltr'><strong>slucte</strong></span> <span class='ocrx_word' id='word_1_313' title='bbox 778 2830 861 2892; x_wconf 86' lang='lat' dir='ltr'><strong>accipi</strong></span> <span class='ocrx_word' id='word_1_314' title='bbox 875 2845 959 2892; x_wconf 87' lang='lat' dir='ltr'><strong>posse,</strong></span> <span class='ocrx_word' id='word_1_315' title='bbox 979 2845 1026 2893; x_wconf 89' lang='lat' dir='ltr'><strong>pro</strong></span> <span class='ocrx_word' id='word_1_316' title='bbox 1037 2829 1120 2881; x_wconf 80' lang='lat' dir='ltr'><strong>¹valde</strong></span> <span class='ocrx_word' id='word_1_317' title='bbox 1131 2829 1147 2878; x_wconf 88' lang='lat'><strong>:’</strong></span> <span class='ocrx_word' id='word_1_318' title='bbox 1170 2828 1216 2877; x_wconf 93' lang='lat' dir='ltr'><strong>ubi</strong></span> 
     </span>
     <span class='ocr_line' id='line_1_34' title="bbox 122 2901 1216 2968; baseline 0.004 -17"><span class='ocrx_word' id='word_1_319' title='bbox 122 2902 151 2951; x_wconf 88' lang='lat' dir='ltr'><strong>id</strong></span> <span class='ocrx_word' id='word_1_320' title='bbox 171 2911 220 2960; x_wconf 83' lang='lat' dir='ltr'><strong>est,</strong></span> <span class='ocrx_word' id='word_1_321' title='bbox 239 2903 364 2965; x_wconf 79' lang='lat' dir='ltr'><strong>attigeret,</strong></span> <span class='ocrx_word' id='word_1_322' title='bbox 381 2904 432 2960; x_wconf 87' lang='lat' dir='ltr'><strong>vel,</strong></span> <span class='ocrx_word' id='word_1_323' title='bbox 451 2911 481 2953; x_wconf 91' lang='lat' dir='ltr'><strong>nt</strong></span> <span class='ocrx_word' id='word_1_324' title='bbox 499 2901 574 2953; x_wconf 84' lang='lat' dir='ltr'><strong>bodie</strong></span> <span class='ocrx_word' id='word_1_325' title='bbox 589 2903 651 2953; x_wconf 90' lang='lat' dir='ltr'><strong>dici·</strong></span> <span class='ocrx_word' id='word_1_326' title='bbox 688 2906 759 2954; x_wconf 90' lang='lat' dir='ltr'><strong>nulla</strong></span> <span class='ocrx_word' id='word_1_327' title='bbox 770 2906 802 2953; x_wconf 90' lang='lat' dir='ltr'><strong>de</strong></span> <span class='ocrx_word' id='word_1_328' title='bbox 813 2905 972 2968; x_wconf 84' lang='lat' dir='ltr'><strong>diplrtlrongo</strong></span> <span class='ocrx_word' id='word_1_329' title='bbox 984 2908 1081 2955; x_wconf 88' lang='lat' dir='ltr'><strong>mentio</strong></span> <span class='ocrx_word' id='word_1_330' title='bbox 1101 2915 1152 2966; x_wconf 89' lang='lat' dir='ltr'><strong>est,</strong></span> <span class='ocrx_word' id='word_1_331' title='bbox 1169 2905 1216 2955; x_wconf 90' lang='lat' dir='ltr'><strong>sed</strong></span> 
     </span>
     <span class='ocr_line' id='line_1_35' title="bbox 124 2979 1217 3045; baseline 0.002 -17"><span class='ocrx_word' id='word_1_332' title='bbox 124 2993 187 3040; x_wconf 89' lang='lat' dir='ltr'><strong>mus,</strong></span> <span class='ocrx_word' id='word_1_333' title='bbox 197 2982 337 3042; x_wconf 80' lang='lat' dir='ltr'><strong>attingeret.</strong></span> <span class='ocrx_word' id='word_1_334' title='bbox 354 2979 446 3030; x_wconf 85' lang='lat' dir='ltr'><strong>Faber.</strong></span> <span class='ocrx_word' id='word_1_335' title='bbox 689 2981 865 3030; x_wconf 87' lang='lat' dir='ltr'><strong>tantummodo</strong></span> <span class='ocrx_word' id='word_1_336' title='bbox 877 2981 910 3030; x_wconf 88' lang='lat' dir='ltr'><strong>de</strong></span> <span class='ocrx_word' id='word_1_337' title='bbox 927 2983 1091 3045; x_wconf 86' lang='lat' dir='ltr'><strong>correptione</strong></span> <span class='ocrx_word' id='word_1_338' title='bbox 1109 2991 1137 3031; x_wconf 90' lang='lat' dir='ltr'><strong>et</strong></span> <span class='ocrx_word' id='word_1_339' title='bbox 1158 2998 1217 3045; x_wconf 92' lang='lat' dir='ltr'><strong>pro·</strong></span> 
     </span>
    </p>
   </div>
   <div class='ocr_carea' id='block_1_3' title="bbox 116 3054 1222 3578">
    <p class='ocr_par' dir='ltr' id='par_1_3' title="bbox 116 3054 1222 3506">
     <span class='ocr_line' id='line_1_36' title="bbox 160 3054 1218 3124; baseline 0.008 -22"><span class='ocrx_word' id='word_1_340' title='bbox 160 3054 334 3116; x_wconf 76' lang='lat' dir='ltr'><strong>Constantiniani]</strong></span> <span class='ocrx_word' id='word_1_341' title='bbox 352 3055 653 3106; x_wconf 86' lang='lat' dir='ltr'><strong>Commiscerimistaset</strong></span> <span class='ocrx_word' id='word_1_342' title='bbox 690 3058 812 3108; x_wconf 90' lang='lat' dir='ltr'><strong>ductione</strong></span> <span class='ocrx_word' id='word_1_343' title='bbox 831 3060 952 3122; x_wconf 81' lang='lat' dir='ltr'><strong>syllabas:</strong></span> <span class='ocrx_word' id='word_1_344' title='bbox 971 3061 1040 3123; x_wconf 90' lang='lat' dir='ltr'><strong>quod</strong></span> <span class='ocrx_word' id='word_1_345' title='bbox 1055 3061 1075 3109; x_wconf 86' lang='lat' dir='ltr'><strong>si</strong></span> <span class='ocrx_word' id='word_1_346' title='bbox 1088 3061 1144 3124; x_wconf 88' lang='lat' dir='ltr'><strong>quis</strong></span> <span class='ocrx_word' id='word_1_347' title='bbox 1157 3075 1218 3110; x_wconf 90' lang='lat' dir='ltr'><strong>con·</strong></span> 
     </span>
     <span class='ocr_line' id='line_1_37' title="bbox 125 3130 1222 3198; baseline 0.006 -20"><span class='ocrx_word' id='word_1_348' title='bbox 125 3130 195 3179; x_wconf 89' lang='lat' dir='ltr'><strong>inter</strong></span> <span class='ocrx_word' id='word_1_349' title='bbox 217 3145 244 3180; x_wconf 87' lang='lat' dir='ltr'><strong>se</strong></span> <span class='ocrx_word' id='word_1_350' title='bbox 267 3130 383 3181; x_wconf 81' lang='lat' dir='ltr'><strong>confusas</strong></span> <span class='ocrx_word' id='word_1_351' title='bbox 404 3130 507 3182; x_wconf 82' lang='lat' dir='ltr'><strong>foedari.</strong></span> <span class='ocrx_word' id='word_1_352' title='bbox 530 3133 653 3183; x_wconf 84' lang='lat' dir='ltr'><strong>‘Multas</strong></span> <span class='ocrx_word' id='word_1_353' title='bbox 689 3134 1019 3198; x_wconf 85' lang='lat' dir='ltr'><strong>tendat,lsancparticulam</strong></span> <span class='ocrx_word' id='word_1_354' title='bbox 1028 3136 1222 3198; x_wconf 72' lang='lat' dir='ltr'><strong>Graecamesse3</strong></span> 
     </span>
     <span class='ocr_line' id='line_1_38' title="bbox 116 3208 1219 3280; baseline 0.005 -24"><span class='ocrx_word' id='word_1_355' title='bbox 116 3208 314 3275; x_wconf 80' lang='lat' dir='ltr'><strong>contaminasse</strong></span> <span class='ocrx_word' id='word_1_356' title='bbox 347 3208 466 3268; x_wconf 81' lang='lat' dir='ltr'><strong>Graecas,¹</strong></span> <span class='ocrx_word' id='word_1_357' title='bbox 496 3210 556 3280; x_wconf 78' lang='lat' dir='ltr'><strong>tium</strong></span> <span class='ocrx_word' id='word_1_358' title='bbox 587 3210 654 3260; x_wconf 87' lang='lat' dir='ltr'><strong>facit</strong></span> <span class='ocrx_word' id='word_1_359' title='bbox 691 3216 719 3259; x_wconf 89' lang='lat' dir='ltr'><strong>et</strong></span> <span class='ocrx_word' id='word_1_360' title='bbox 738 3210 836 3260; x_wconf 91' lang='lat' dir='ltr'><strong>idcirco</strong></span> <span class='ocrx_word' id='word_1_361' title='bbox 850 3211 945 3260; x_wconf 75' lang='lat' dir='ltr'><strong>Graeco</strong></span> <span class='ocrx_word' id='word_1_362' title='bbox 960 3225 1031 3259; x_wconf 88' lang='lat' dir='ltr'><strong>more</strong></span> <span class='ocrx_word' id='word_1_363' title='bbox 1046 3212 1219 3273; x_wconf 79' lang='lat' dir='ltr'><strong>scribendam,</strong></span> 
     </span>
     <span class='ocr_line' id='line_1_39' title="bbox 127 3283 1218 3349; baseline 0.004 -17"><span class='ocrx_word' id='word_1_364' title='bbox 127 3298 223 3347; x_wconf 84' lang='lat' dir='ltr'><strong>paucas</strong></span> <span class='ocrx_word' id='word_1_365' title='bbox 239 3284 346 3332; x_wconf 84' lang='lat' dir='ltr'><strong>Latinas</strong></span> <span class='ocrx_word' id='word_1_366' title='bbox 356 3283 373 3332; x_wconf 88' lang='lat'><strong>:&#39;</strong></span> <span class='ocrx_word' id='word_1_367' title='bbox 389 3285 494 3349; x_wconf 82' lang='lat' dir='ltr'><strong>Prolog.</strong></span> <span class='ocrx_word' id='word_1_368' title='bbox 510 3287 652 3336; x_wconf 87' lang='lat' dir='ltr'><strong>Heautont.</strong></span> <span class='ocrx_word' id='word_1_369' title='bbox 690 3287 837 3348; x_wconf 77' lang='lat' dir='ltr'><strong>negaverim</strong></span> <span class='ocrx_word' id='word_1_370' title='bbox 848 3300 897 3349; x_wconf 84' lang='lat' dir='ltr'><strong>ego</strong></span> <span class='ocrx_word' id='word_1_371' title='bbox 907 3284 967 3333; x_wconf 83' lang='lat' dir='ltr'><strong>milii</strong></span> <span class='ocrx_word' id='word_1_372' title='bbox 976 3286 1111 3349; x_wconf 86' lang='lat' dir='ltr'><strong>liquerean</strong></span> <span class='ocrx_word' id='word_1_373' title='bbox 1122 3288 1218 3337; x_wconf 79' lang='lat' dir='ltr'><strong>Graeca</strong></span> 
     </span>
     <span class='ocr_line' id='line_1_40' title="bbox 124 3358 1219 3424; baseline 0.004 -16"><span class='ocrx_word' id='word_1_374' title='bbox 124 3359 184 3409; x_wconf 83' lang='lat' dir='ltr'><strong>‘Ne</strong></span> <span class='ocrx_word' id='word_1_375' title='bbox 198 3360 248 3408; x_wconf 90' lang='lat' dir='ltr'><strong>boc</strong></span> <span class='ocrx_word' id='word_1_376' title='bbox 259 3358 379 3422; x_wconf 84' lang='lat' dir='ltr'><strong>gaudium</strong></span> <span class='ocrx_word' id='word_1_377' title='bbox 392 3360 581 3410; x_wconf 86' lang='lat' dir='ltr'><strong>contaminetur</strong></span> <span class='ocrx_word' id='word_1_378' title='bbox 593 3363 653 3411; x_wconf 82' lang='lat' dir='ltr'><strong>vitae</strong></span> <span class='ocrx_word' id='word_1_379' title='bbox 691 3363 739 3411; x_wconf 88' lang='lat' dir='ltr'><strong>sit:</strong></span> <span class='ocrx_word' id='word_1_380' title='bbox 758 3377 815 3411; x_wconf 89' lang='lat' dir='ltr'><strong>cum</strong></span> <span class='ocrx_word' id='word_1_381' title='bbox 836 3362 980 3424; x_wconf 70' lang='lat' dir='ltr'><strong>presertim</strong></span> <span class='ocrx_word' id='word_1_382' title='bbox 1004 3363 1030 3411; x_wconf 92' lang='lat' dir='ltr'><strong>in</strong></span> <span class='ocrx_word' id='word_1_383' title='bbox 1054 3365 1145 3413; x_wconf 85' lang='lat' dir='ltr'><strong>Latino</strong></span> <span class='ocrx_word' id='word_1_384' title='bbox 1165 3380 1219 3412; x_wconf 82' lang='lat' dir='ltr'><strong>ser·</strong></span> 
     </span>
     <span class='ocr_line' id='line_1_41' title="bbox 127 3433 1220 3506; baseline 0.005 -22"><span class='ocrx_word' id='word_1_385' title='bbox 127 3435 280 3500; x_wconf 68' lang='lat' dir='ltr'><strong>egritudine</strong></span> <span class='ocrx_word' id='word_1_386' title='bbox 292 3433 396 3498; x_wconf 67' lang='lat' dir='ltr'><strong>aliqua?</strong></span> <span class='ocrx_word' id='word_1_387' title='bbox 412 3435 515 3506; x_wconf 74' lang='lat' dir='ltr'><strong>Farnob-</strong></span> <span class='ocrx_word' id='word_1_388' title='bbox 692 3454 767 3489; x_wconf 87' lang='lat' dir='ltr'><strong>mone</strong></span> <span class='ocrx_word' id='word_1_389' title='bbox 794 3439 921 3487; x_wconf 84' lang='lat' dir='ltr'><strong>diversam</strong></span> <span class='ocrx_word' id='word_1_390' title='bbox 943 3453 958 3486; x_wconf 90' lang='lat' dir='ltr'><strong>a</strong></span> <span class='ocrx_word' id='word_1_391' title='bbox 978 3439 1071 3487; x_wconf 77' lang='lat' dir='ltr'><strong>Graeca</strong></span> <span class='ocrx_word' id='word_1_392' title='bbox 1091 3440 1220 3502; x_wconf 83' lang='lat' dir='ltr'><strong>significa·</strong></span> 
     </span>
    </p>

    <p class='ocr_par' dir='ltr' id='par_1_4' title="bbox 161 3510 1218 3578">
     <span class='ocr_line' id='line_1_42' title="bbox 161 3510 1218 3578; baseline 0.007 -20"><span class='ocrx_word' id='word_1_393' title='bbox 161 3517 192 3561; x_wconf 80' lang='lat' dir='ltr'><strong>lt</strong></span> <span class='ocrx_word' id='word_1_394' title='bbox 202 3514 304 3562; x_wconf 76' lang='lat' dir='ltr'><strong>Faciant</strong></span> <span class='ocrx_word' id='word_1_395' title='bbox 315 3510 363 3574; x_wconf 81' lang='lat' dir='ltr'><strong>na]</strong></span> <span class='ocrx_word' id='word_1_396' title='bbox 383 3511 422 3561; x_wconf 90' lang='lat' dir='ltr'><strong>Ne</strong></span> <span class='ocrx_word' id='word_1_397' title='bbox 435 3512 538 3575; x_wconf 86' lang='lat' dir='ltr'><strong>quidam</strong></span> <span class='ocrx_word' id='word_1_398' title='bbox 549 3512 654 3576; x_wconf 88' lang='lat' dir='ltr'><strong>corripi·</strong></span> <span class='ocrx_word' id='word_1_399' title='bbox 693 3519 787 3566; x_wconf 87' lang='lat' dir='ltr'><strong>tionem</strong></span> <span class='ocrx_word' id='word_1_400' title='bbox 798 3515 930 3564; x_wconf 87' lang='lat' dir='ltr'><strong>obtineat:</strong></span> <span class='ocrx_word' id='word_1_401' title='bbox 948 3523 1080 3578; x_wconf 90' lang='lat' dir='ltr'><strong>postremo</strong></span> <span class='ocrx_word' id='word_1_402' title='bbox 1091 3525 1118 3564; x_wconf 91' lang='lat' dir='ltr'><strong>et</strong></span> <span class='ocrx_word' id='word_1_403' title='bbox 1131 3519 1218 3565; x_wconf 88' lang='lat' dir='ltr'><strong>Dona-</strong></span> 
     </span>
    </p>
   </div>
   <div class='ocr_carea' id='block_1_4' title="bbox 128 3588 1222 4262">
    <p class='ocr_par' dir='ltr' id='par_1_5' title="bbox 128 3588 1221 4184">
     <span class='ocr_line' id='line_1_43' title="bbox 128 3588 1218 3651; baseline 0.002 -12"><span class='ocrx_word' id='word_1_404' title='bbox 128 3596 186 3651; x_wconf 89' lang='lat' dir='ltr'><strong>unt,</strong></span> <span class='ocrx_word' id='word_1_405' title='bbox 202 3595 230 3638; x_wconf 88' lang='lat' dir='ltr'><strong>et</strong></span> <span class='ocrx_word' id='word_1_406' title='bbox 246 3603 304 3638; x_wconf 89' lang='lat' dir='ltr'><strong>cum</strong></span> <span class='ocrx_word' id='word_1_407' title='bbox 323 3588 524 3651; x_wconf 84' lang='lat' dir='ltr'><strong>interrogatione</strong></span> <span class='ocrx_word' id='word_1_408' title='bbox 545 3603 654 3651; x_wconf 87' lang='lat' dir='ltr'><strong>pronun·</strong></span> <span class='ocrx_word' id='word_1_409' title='bbox 692 3593 713 3641; x_wconf 90' lang='lat' dir='ltr'><strong>ti</strong></span> <span class='ocrx_word' id='word_1_410' title='bbox 723 3591 905 3642; x_wconf 87' lang='lat' dir='ltr'><strong>anctoritatem</strong></span> <span class='ocrx_word' id='word_1_411' title='bbox 918 3598 946 3640; x_wconf 88' lang='lat' dir='ltr'><strong>et</strong></span> <span class='ocrx_word' id='word_1_412' title='bbox 965 3591 1076 3639; x_wconf 89' lang='lat' dir='ltr'><strong>omnium</strong></span> <span class='ocrx_word' id='word_1_413' title='bbox 1093 3592 1218 3641; x_wconf 85' lang='lat' dir='ltr'><strong>librorum</strong></span> 
     </span>
     <span class='ocr_line' id='line_1_44' title="bbox 128 3666 1218 3732; baseline -0.001 -15"><span class='ocrx_word' id='word_1_414' title='bbox 128 3668 211 3718; x_wconf 76' lang='lat' dir='ltr'><strong>nant:</strong></span> <span class='ocrx_word' id='word_1_415' title='bbox 231 3667 334 3731; x_wconf 88' lang='lat' dir='ltr'><strong>quidam</strong></span> <span class='ocrx_word' id='word_1_416' title='bbox 353 3666 507 3729; x_wconf 84' lang='lat' dir='ltr'><strong>producunt.</strong></span> <span class='ocrx_word' id='word_1_417' title='bbox 540 3668 654 3718; x_wconf 81' lang='lat' dir='ltr'><strong>Quorum</strong></span> <span class='ocrx_word' id='word_1_418' title='bbox 692 3667 769 3717; x_wconf 87' lang='lat' dir='ltr'><strong>iidem</strong></span> <span class='ocrx_word' id='word_1_419' title='bbox 796 3682 934 3731; x_wconf 89' lang='lat' dir='ltr'><strong>opponam.</strong></span> <span class='ocrx_word' id='word_1_420' title='bbox 984 3668 1115 3716; x_wconf 74' lang='lat' dir='ltr'><strong>Caeterum</strong></span> <span class='ocrx_word' id='word_1_421' title='bbox 1148 3670 1218 3732; x_wconf 89' lang='lat' dir='ltr'><strong>qnod</strong></span> 
     </span>
     <span class='ocr_line' id='line_1_45' title="bbox 129 3742 1219 3807; baseline -0.003 -12"><span class='ocrx_word' id='word_1_422' title='bbox 129 3746 172 3795; x_wconf 92' lang='lat' dir='ltr'><strong>alii</strong></span> <span class='ocrx_word' id='word_1_423' title='bbox 189 3760 218 3793; x_wconf 87' lang='lat' dir='ltr'><strong>ne</strong></span> <span class='ocrx_word' id='word_1_424' title='bbox 235 3758 281 3807; x_wconf 93' lang='lat' dir='ltr'><strong>pro</strong></span> <span class='ocrx_word' id='word_1_425' title='bbox 292 3757 334 3791; x_wconf 85' lang='lat' dir='ltr'><strong>nec</strong></span> <span class='ocrx_word' id='word_1_426' title='bbox 346 3742 485 3805; x_wconf 86' lang='lat' dir='ltr'><strong>accipiunt,</strong></span> <span class='ocrx_word' id='word_1_427' title='bbox 496 3742 523 3791; x_wconf 91' lang='lat' dir='ltr'><strong>id</strong></span> <span class='ocrx_word' id='word_1_428' title='bbox 534 3750 584 3805; x_wconf 89' lang='lat' dir='ltr'><strong>est,</strong></span> <span class='ocrx_word' id='word_1_429' title='bbox 596 3758 655 3793; x_wconf 83' lang='lat' dir='ltr'><strong>nou.</strong></span> <span class='ocrx_word' id='word_1_430' title='bbox 692 3747 799 3795; x_wconf 90' lang='lat' dir='ltr'><strong>Donato</strong></span> <span class='ocrx_word' id='word_1_431' title='bbox 809 3744 900 3793; x_wconf 89' lang='lat' dir='ltr'><strong>melios</strong></span> <span class='ocrx_word' id='word_1_432' title='bbox 912 3742 1021 3803; x_wconf 85' lang='lat' dir='ltr'><strong>ridetur,</strong></span> <span class='ocrx_word' id='word_1_433' title='bbox 1033 3757 1072 3803; x_wconf 84' lang='lat' dir='ltr'><strong>ne,</strong></span> <span class='ocrx_word' id='word_1_434' title='bbox 1082 3757 1131 3805; x_wconf 86' lang='lat' dir='ltr'><strong>pro</strong></span> <span class='ocrx_word' id='word_1_435' title='bbox 1142 3744 1219 3792; x_wconf 85' lang='lat' dir='ltr'><strong>valde</strong></span> 
     </span>
     <span class='ocr_line' id='line_1_46' title="bbox 129 3816 1221 3885; baseline -0.005 -14"><span class='ocrx_word' id='word_1_436' title='bbox 129 3822 181 3871; x_wconf 83' lang='lat' dir='ltr'><strong>Alii</strong></span> <span class='ocrx_word' id='word_1_437' title='bbox 200 3835 229 3870; x_wconf 86' lang='lat' dir='ltr'><strong>ne</strong></span> <span class='ocrx_word' id='word_1_438' title='bbox 246 3833 294 3882; x_wconf 86' lang='lat' dir='ltr'><strong>pro</strong></span> <span class='ocrx_word' id='word_1_439' title='bbox 315 3817 401 3879; x_wconf 83' lang='lat' dir='ltr'><strong>valde,</strong></span> <span class='ocrx_word' id='word_1_440' title='bbox 421 3823 464 3866; x_wconf 88' lang='lat' dir='ltr'><strong>nt:</strong></span> <span class='ocrx_word' id='word_1_441' title='bbox 486 3820 577 3880; x_wconf 82' lang='lat' dir='ltr'><strong>Neego</strong></span> <span class='ocrx_word' id='word_1_442' title='bbox 589 3820 655 3869; x_wconf 80' lang='lat' dir='ltr'><strong>namo</strong></span> <span class='ocrx_word' id='word_1_443' title='bbox 693 3821 788 3885; x_wconf 84' lang='lat' dir='ltr'><strong>accipi,</strong></span> <span class='ocrx_word' id='word_1_444' title='bbox 799 3819 965 3869; x_wconf 88' lang='lat' dir='ltr'><strong>considerent</strong></span> <span class='ocrx_word' id='word_1_445' title='bbox 975 3816 1155 3868; x_wconf 81' lang='lat' dir='ltr'><strong>observatores</strong></span> <span class='ocrx_word' id='word_1_446' title='bbox 1172 3820 1221 3867; x_wconf 53' lang='lat' dir='ltr'><strong>lin*</strong></span> 
     </span>
     <span class='ocr_line' id='line_1_47' title="bbox 129 3893 1218 3961; baseline -0.003 -15"><span class='ocrx_word' id='word_1_447' title='bbox 129 3911 180 3946; x_wconf 86' lang='lat' dir='ltr'><strong>sum</strong></span> <span class='ocrx_word' id='word_1_448' title='bbox 190 3896 283 3957; x_wconf 82' lang='lat' dir='ltr'><strong>infelix.</strong></span> <span class='ocrx_word' id='word_1_449' title='bbox 318 3895 352 3944; x_wconf 86' lang='lat' dir='ltr'><strong>Et</strong></span> <span class='ocrx_word' id='word_1_450' title='bbox 364 3894 471 3944; x_wconf 86' lang='lat' dir='ltr'><strong>Cicero:</strong></span> <span class='ocrx_word' id='word_1_451' title='bbox 488 3895 548 3944; x_wconf 86' lang='lat' dir='ltr'><strong>‘Ne</strong></span> <span class='ocrx_word' id='word_1_452' title='bbox 564 3896 602 3945; x_wconf 86' lang='lat' dir='ltr'><strong>illi</strong></span> <span class='ocrx_word' id='word_1_453' title='bbox 613 3910 655 3945; x_wconf 80' lang='lat' dir='ltr'><strong>ve·</strong></span> <span class='ocrx_word' id='word_1_454' title='bbox 694 3912 751 3961; x_wconf 78' lang='lat' dir='ltr'><strong>guae</strong></span> <span class='ocrx_word' id='word_1_455' title='bbox 769 3894 878 3955; x_wconf 75' lang='lat' dir='ltr'><strong>Latinae,</strong></span> <span class='ocrx_word' id='word_1_456' title='bbox 894 3907 925 3942; x_wconf 89' lang='lat' dir='ltr'><strong>au</strong></span> <span class='ocrx_word' id='word_1_457' title='bbox 944 3905 976 3941; x_wconf 81' lang='lat' dir='ltr'><strong>ea</strong></span> <span class='ocrx_word' id='word_1_458' title='bbox 994 3893 1218 3954; x_wconf 86' lang='lat' dir='ltr'><strong>particulaiohac</strong></span> 
     </span>
     <span class='ocr_line' id='line_1_48' title="bbox 130 3969 1218 4035; baseline -0.003 -14"><span class='ocrx_word' id='word_1_459' title='bbox 130 3973 263 4021; x_wconf 86' lang='lat' dir='ltr'><strong>hementer</strong></span> <span class='ocrx_word' id='word_1_460' title='bbox 282 3970 387 4020; x_wconf 67' lang='lat' dir='ltr'><strong>errant?</strong></span> <span class='ocrx_word' id='word_1_461' title='bbox 420 3971 454 4020; x_wconf 89' lang='lat' dir='ltr'><strong>Et</strong></span> <span class='ocrx_word' id='word_1_462' title='bbox 475 3970 523 4021; x_wconf 86' lang='lat' dir='ltr'><strong>lroc</strong></span> <span class='ocrx_word' id='word_1_463' title='bbox 545 3971 654 4022; x_wconf 85' lang='lat' dir='ltr'><strong>melius:</strong></span> <span class='ocrx_word' id='word_1_464' title='bbox 693 3973 748 4035; x_wconf 87' lang='lat' dir='ltr'><strong>ipsa</strong></span> <span class='ocrx_word' id='word_1_465' title='bbox 775 3969 960 4032; x_wconf 76' lang='lat' dir='ltr'><strong>significatione</strong></span> <span class='ocrx_word' id='word_1_466' title='bbox 993 3969 1110 4030; x_wconf 84' lang='lat' dir='ltr'><strong>usurpari</strong></span> <span class='ocrx_word' id='word_1_467' title='bbox 1136 3971 1218 4032; x_wconf 83' lang='lat' dir='ltr'><strong>possit</strong></span> 
     </span>
     <span class='ocr_line' id='line_1_49' title="bbox 130 4043 1220 4112; baseline -0.003 -16"><span class='ocrx_word' id='word_1_468' title='bbox 130 4062 189 4096; x_wconf 88' lang='lat' dir='ltr'><strong>nam</strong></span> <span class='ocrx_word' id='word_1_469' title='bbox 211 4048 298 4096; x_wconf 89' lang='lat' dir='ltr'><strong>statim</strong></span> <span class='ocrx_word' id='word_1_470' title='bbox 316 4045 412 4097; x_wconf 84' lang='lat' dir='ltr'><strong>infert:</strong></span> <span class='ocrx_word' id='word_1_471' title='bbox 444 4048 567 4103; x_wconf 80' lang='lat' dir='ltr'><strong>Quicum</strong></span> <span class='ocrx_word' id='word_1_472' title='bbox 586 4047 655 4112; x_wconf 78' lang='lat' dir='ltr'><strong>bane,</strong></span> <span class='ocrx_word' id='word_1_473' title='bbox 691 4049 746 4097; x_wconf 87' lang='lat' dir='ltr'><strong>sine</strong></span> <span class='ocrx_word' id='word_1_474' title='bbox 758 4043 1040 4109; x_wconf 86' lang='lat' dir='ltr'><strong>alicujussdjuuctione</strong></span> <span class='ocrx_word' id='word_1_475' title='bbox 1052 4047 1220 4109; x_wconf 90' lang='lat' dir='ltr'><strong>pronominis.</strong></span> 
     </span>
     <span class='ocr_line' id='line_1_50' title="bbox 131 4120 1218 4184; baseline -0.001 -13"><span class='ocrx_word' id='word_1_476' title='bbox 131 4124 170 4184; x_wconf 74' lang='lat' dir='ltr'><strong>tro.</strong></span> <span class='ocrx_word' id='word_1_477' title='bbox 188 4123 314 4171; x_wconf 88' lang='lat' dir='ltr'><strong>Donatus.</strong></span> <span class='ocrx_word' id='word_1_478' title='bbox 695 4123 762 4173; x_wconf 90' lang='lat' dir='ltr'><strong>Nam</strong></span> <span class='ocrx_word' id='word_1_479' title='bbox 780 4128 807 4169; x_wconf 88' lang='lat' dir='ltr'><strong>et</strong></span> <span class='ocrx_word' id='word_1_480' title='bbox 826 4121 853 4169; x_wconf 90' lang='lat' dir='ltr'><strong>iu</strong></span> <span class='ocrx_word' id='word_1_481' title='bbox 870 4120 994 4183; x_wconf 81' lang='lat' dir='ltr'><strong>exemplis</strong></span> <span class='ocrx_word' id='word_1_482' title='bbox 1007 4121 1039 4168; x_wconf 91' lang='lat' dir='ltr'><strong>ab</strong></span> <span class='ocrx_word' id='word_1_483' title='bbox 1052 4123 1156 4170; x_wconf 87' lang='lat' dir='ltr'><strong>Donato</strong></span> <span class='ocrx_word' id='word_1_484' title='bbox 1173 4122 1218 4171; x_wconf 84' lang='lat' dir='ltr'><strong>ad-</strong></span> 
     </span>
    </p>

    <p class='ocr_par' dir='ltr' id='par_1_6' title="bbox 165 4192 1222 4262">
     <span class='ocr_line' id='line_1_51' title="bbox 165 4192 1222 4262; baseline -0.002 -12"><span class='ocrx_word' id='word_1_485' title='bbox 165 4193 266 4250; x_wconf 81' lang='lat' dir='ltr'><strong>Faat&#39;nnt</strong></span> <span class='ocrx_word' id='word_1_486' title='bbox 287 4195 328 4259; x_wconf 83' lang='lat' dir='ltr'><strong>ne]</strong></span> <span class='ocrx_word' id='word_1_487' title='bbox 350 4195 393 4247; x_wconf 84' lang='lat' dir='ltr'><strong>Ita</strong></span> <span class='ocrx_word' id='word_1_488' title='bbox 414 4196 587 4256; x_wconf 86' lang='lat' dir='ltr'><strong>scribendum,</strong></span> <span class='ocrx_word' id='word_1_489' title='bbox 603 4212 655 4249; x_wconf 88' lang='lat' dir='ltr'><strong>non</strong></span> <span class='ocrx_word' id='word_1_490' title='bbox 693 4197 789 4262; x_wconf 81' lang='lat' dir='ltr'><strong>ductis,</strong></span> <span class='ocrx_word' id='word_1_491' title='bbox 801 4192 918 4256; x_wconf 71' lang='lat' dir='ltr'><strong>stiriis,</strong></span> <span class='ocrx_word' id='word_1_492' title='bbox 934 4211 991 4262; x_wconf 85' lang='lat' dir='ltr'><strong>quse</strong></span> <span class='ocrx_word' id='word_1_493' title='bbox 1009 4211 1055 4248; x_wconf 90' lang='lat' dir='ltr'><strong>nos</strong></span> <span class='ocrx_word' id='word_1_494' title='bbox 1073 4198 1222 4250; x_wconf 84' lang='lat' dir='ltr'><strong>observari·</strong></span> 
     </span>
    </p>
   </div>
   <div class='ocr_carea' id='block_1_5' title="bbox 0 0 1360 4710">
    <p class='ocr_par' dir='ltr' id='par_1_7' title="bbox 0 0 1360 4710">
     <span class='ocr_line' id='line_1_52' title="bbox 0 0 1360 4710; baseline 0 0"><span class='ocrx_word' id='word_1_495' title='bbox 0 0 1360 4710; x_wconf 95' lang='lat' dir='ltr'><strong> </strong></span> 
     </span>
    </p>
   </div>
  </div>
 </body>
</html>
