2670 4702
329 320 514 368 resonuit
541 319 704 368 urrunnu.
729 321 810 369 scr.
834 322 884 368 ru.
907 323 958 372 so.
983 324 1022 370 ιι.
1136 310 1221 376 1465
1312 312 1315 318 ’

123 475 174 524 per
189 460 275 508 lecum
296 459 378 525 portis
398 459 530 509 additnms
556 459 656 509 scilicet
695 469 723 508 et
741 461 779 510 sic
796 469 836 512 est
853 463 954 527 melius,
974 479 1050 528 quum
1070 471 1099 514 ut
1116 466 1220 530 quidam

122 537 158 585 ob
170 550 245 584 nsum
257 536 432 599 jumentorum
442 536 609 584 exeuntium:
629 543 657 585 et
694 536 868 600 Xenophonte
891 540 1094 603 interpretantes
1117 550 1220 603 putant,

122 619 257 674 praeterea
275 618 305 660 ut
324 611 459 660 adversum
479 611 598 659 hostilem
619 610 665 672 ig··
693 612 730 660 ric
744 627 789 660 noe
798 614 943 664 silicernium
951 617 1105 679 intelligere,
1115 617 1163 666 boc
1171 624 1223 680 est,

120 701 184 735 neru
198 687 279 750 portis
290 686 323 735 de
335 686 452 750 proximo
464 685 655 735 subveniretur.
694 689 795 738 silicem·
809 699 957 742 cernentem
979 708 1076 757 senem,
1097 695 1158 743 dum
1182 696 1220 744 in·

121 765 201 815 Idem.
694 778 788 813 currus
808 773 858 826 est,
876 769 916 816 rel
938 776 1027 819 stratus
1043 784 1104 818 saxo
1122 772 1171 821 rius
1182 772 1221 821 in·
1310 812 1319 830 ,

154 842 188 887 45
206 839 380 902 Ertpislrillu]
412 840 524 888 Veteres
537 837 656 888 absolute
694 841 1222 911 tentus,velsurcopbegijerujernappro-

121 914 251 964 dicebsnt
270 915 409 977 pistrinum,
431 923 460 963 ut
480 915 606 976 sutriwn,
628 922 656 964 et
694 914 910 977 pinquautissibi
943 919 1019 969 Idem.

120 991 273 1052 medicinam,
292 991 324 1040 sd
342 991 477 1040 tabernsm
496 988 654 1039 referentes·
725 989 890 1056 Silicernium]
916 994 1082 1047 silicernium
1096 1004 1221 1050 ιιιοιιιιι

121 1081 185 1115 nem
205 1067 315 1130 pistrino
336 1067 447 1131 pistrills
462 1080 513 1115 non
526 1068 657 1116 convenit.
693 1062 822 1128 funebris,
834 1082 891 1130 quse
903 1071 1088 1135 apparabatur,
1106 1074 1176 1125 circa
1187 1075 1221 1124 si-

121 1143 159 1191 Es
171 1141 294 1192 simulata
305 1143 459 1191 drmrnutrvs
476 1134 589 1190 diverse
595 1147 656 1190 sunt
693 1142 779 1193 licem.
797 1144 849 1194 i.c.
868 1147 1013 1209 sepulcrum
1030 1150 1133 1199 mortui.
1167 1153 1221 1201 Sul·

121 1231 248 1279 egenere
257 1217 387 1266 nominum
399 1231 490 1280 primm
504 1215 654 1279 positionis
693 1221 795 1269 mosius.
831 1221 868 1270 Ut
886 1224 1032 1285 ergastulus
1044 1223 1129 1274 rlrctus
1138 1242 1182 1290 qur
1194 1242 1221 1277 m

122 1294 244 1351 utRsnn,
256 1293 424 1354 ranunculus,
437 1299 576 1341 reterens:
598 1307 655 1340 scu·
692 1294 823 1356 ergastulo
843 1310 908 1358 opus
929 1298 1084 1359 exercebet;
1112 1299 1149 1349 its
1168 1302 1221 1351 sili-

122 1367 555 1431 tom,scnteiia:canir,cenioula.
579 1367 654 1418 idam.
692 1369 806 1432 cerriius,
834 1371 878 1435 qui
904 1371 997 1436 dignus
1017 1380 1073 1422 erut
1093 1374 1135 1422 cui
1167 1375 1220 1425 sili·

153 1449 188 1494 so
203 1445 314 1494 Mutuus
322 1446 349 1494 is
358 1445 407 1493 sole
418 1444 503 1505 ilignis
512 1443 654 1505 pedibussc·
692 1444 807 1492 cerulum
833 1451 1021 1508 opponeretur:
1050 1447 1133 1512 iuquit
1151 1449 1220 1500 Scel.

122 1519 222 1568 ιιίιιιιοι
230 1520 311 1583 dedit]
327 1519 358 1568 In
370 1518 435 1567 urbe
446 1518 656 1580 convivium,uut
691 1516 723 1565 ud
747 1516 874 1577 Festum.'
897 1520 954 1570 Irnn
975 1521 1038 1585 quid
1064 1522 1152 1573 obstat
1169 1538 1220 1588 quo

81 1636 85 1645 .
120 1595 147 1643 in
159 1594 224 1655 sole,
241 1602 286 1642 aut
295 1594 320 1643 iu
331 1593 429 1650 nmbrs,
448 1607 495 1657 pro
504 1593 655 1643 conditione
691 1593 774 1641 miuus
794 1594 844 1657 ipsi
864 1609 940 1645 senes
951 1596 1071 1647 dicantur
1082 1599 1222 1663 silicerniis,
1283 1656 1286 1661 ¹

120 1670 250 1733 temporis
261 1669 446 1719 instruebatur.
480 1669 598 1731 Repente
607 1670 654 1734 igi·
692 1673 721 1715 ut
739 1669 882 1718 ministeria
897 1678 926 1720 et
946 1671 1060 1734 servitia,
1076 1687 1123 1737 pro
1135 1674 1221 1723 minis·

121 1745 655 1810 turioterrogutus,quodminimeopine·
696 1741 742 1791 tris
759 1750 787 1792 et
807 1745 898 1793 servis.
920 1747 1014 1795 mutari
1036 1762 1169 1798 numerum
1191 1750 1221 1798 li·

120 1819 200 1868 betur
222 1821 392 1882 quaesiturum
420 1833 517 1882 senem,
543 1820 656 1885 arripuit
692 1821 779 1868 centia
790 1821 926 1881 permittet
937 1822 1049 1871 Comics
1066 1825 1218 1875 Farnobium

120 1894 341 1945 stetimlectulos.
368 1895 654 1958 thuiapotuitsenrx
724 1897 757 1942 49
773 1895 1084 1946 AEsclrinusodiosecessot:
1093 1900 1219 1961 prmrdium

121 1970 357 2032 dicere,rnentirir.·
373 1971 652 2023 nsmhabetlectulos:
690 1970 859 2034 corrumpitur]
874 1969 1020 2023 ’.Ασύνδετον
1028 1972 1146 2024 deestet.
1165 1974 1219 2026 Do.

119 2045 225 2094 eddidit
246 2061 280 2094 ex
302 2053 430 2112 tempore,
445 2062 472 2096 ιιι
481 2048 537 2096 sole
572 2050 607 2098 Et
620 2063 653 2099 ue
690 2052 775 2096 nutus
1133 2083 1136 2089 .
1209 2080 1214 2092 ,

120 2135 282 2185 torqueque
301 2121 397 2170 bebere
414 2121 523 2186 diceret,
543 2123 655 2188 addidit,
723 2122 1036 2188 Prandiumcorrumpitur]
1069 2126 1106 2175 Ut
1121 2140 1218 2191 coquus
1252 2132 1255 2136 “

118 2195 205 2256 ilignis
228 2196 328 2259 pedibus
349 2197 485 2256 feriendos.
525 2198 577 2247 Sed
605 2201 653 2249 hoc
691 2195 770 2247 dixit:
783 2213 826 2262 qur
834 2200 901 2250 scrut
909 2200 1083 2251 conditionem
1091 2203 1219 2266 quandum

120 2279 197 2335 gestu
227 2274 323 2322 actoris
345 2273 463 2336 adjutum
484 2280 542 2322 est:
578 2276 652 2338 quusi
691 2273 773 2335 magis
784 2273 930 2325 ferventem
941 2276 1053 2339 placere.
1087 2278 1162 2327 Idem.

117 2348 214 2398 eodem
238 2354 356 2411 tempore
378 2362 466 2396 seruus
495 2356 522 2398 et
550 2348 653 2412 quaerut
722 2352 754 2394 5⁰
772 2349 1219 2414 Ctesipbouuteminomoreesttotus]

120 2424 184 2488 quid
204 2424 284 2482 dicet,
301 2430 329 2473 et
340 2423 507 2487 respoudeat.
534 2424 652 2473 Donatus.
691 2422 750 2470 Non
763 2424 849 2483 potuit
861 2425 917 2486 plus
929 2424 981 2473 dici
999 2423 1033 2472 de
1043 2425 1176 2476 incendus
1187 2441 1218 2475 uc

151 2500 262 2548 Lectulos
272 2500 297 2548 in
306 2501 354 2547 sele
364 2499 449 2558 ilignis
455 2498 653 2560 pedibusfueiun·
690 2495 769 2544 nimia
778 2497 921 2560 voluptate.
955 2499 1031 2550 Ideni.

116 2579 161 2625 dos
170 2575 251 2638 dedit]
269 2574 330 2637 Hic,
341 2573 573 2638 inquit'l'uruebus,
581 2575 598 2623 1.
605 2587 651 2625 xx.
724 2573 776 2632 Ego
785 2571 839 2631 jons
853 2574 993 2636 prospiciam
1003 2575 1073 2639 milri]
1089 2578 1156 2637 dum,
1178 2578 1217 2627 in·

116 2667 142 2701 c.
150 2654 193 2700 88.
206 2650 378 2714 uqunbaeret:
390 2649 493 2699 videtur
501 2664 607 2700 curasse
618 2664 651 2700 ex
690 2646 792 2696 turdum
811 2647 943 2711 significat
964 2648 1165 2715 festinationem,
1185 2659 1217 2702 ut

117 2722 651 2789 ilicequesilignosolidissimot'aciundos
690 2736 767 2772 nuuc.
800 2723 933 2773 Interdum
956 2724 989 2773 ud
1019 2725 1218 2778 describendum

116 2800 202 2865 pedes
219 2800 373 2849 lectulorum
386 2800 413 2848 in
429 2800 522 2863 quibus
540 2800 651 2863 epricuri
689 2797 803 2861 ponitur,
819 2807 846 2848 et
856 2799 1039 2863 incrependam
1050 2816 1155 2851 morum.
1174 2805 1220 2866 Ut,

116 2889 195 2926 senes
207 2874 233 2925 io
244 2873 371 2934 ἡλιοκαΐαις
382 2876 511 2937 solebant,
522 2876 650 2926 reletium
689 2873 766 2923 ‘Jsm
778 2873 1136 2938 melionjnindiveprecer!
1167 2879 1217 2928 Et:

115 2952 166 3000 sub
175 2951 229 3000 sole
240 2957 267 3000 et
277 2950 320 3000 dio
328 2965 441 3000 coennre.
457 2951 603 3000 Farnobius.
689 2948 697 2991 ἕ
710 2948 764 2996 Vos
776 2942 881 3012 quoque'
893 2949 1105 3013 Pergnmeaejam
1122 2949 1162 3000 t‘as
1175 2960 1218 3002 est

150 3029 183 3075 47
205 3025 254 3074 Uiri
263 3026 350 3089 potetis
357 3023 409 3087 uos]
425 3024 532 3074 Incerto
540 3039 650 3086 perrone
688 3035 797 3083 parcere
808 3022 987 3087 geuti‚l>iique
997 3024 1220 3088 denqueomnes.’

116 3107 176 3150 est:
193 3113 254 3150 num
273 3100 340 3164 Syro
358 3101 399 3149 rel
411 3100 517 3149 Demens
531 3099 580 3150 lroc
593 3100 649 3150 dic·
687 3097 722 3145 Et
730 3097 871 3159 prospiciunt
881 3099 940 3147 mibi
950 3099 1027 3160 dixit,
1038 3106 1158 3164 tanquam
1167 3102 1216 3152 boc

118 3175 369 3238 trrmjrrngipotest.
393 3175 512 3223 Donatus.
641 3196 646 3211 ‹
687 3170 796 3231 sentiar,
821 3172 860 3220 illi
881 3187 929 3222 suu
946 3181 1027 3236 agunt
1047 3176 1161 3238 negotiu,
1189 3183 1218 3226 et

149 3251 295 3313 Bursauone]
312 3251 364 3299 Hic
376 3247 477 3314 siponeis
488 3255 537 3313 est,
545 3264 595 3300 non
604 3265 650 3316 ep·
687 3261 737 3311 ego
751 3248 854 3298 illorum
864 3251 984 3313 exemplo
996 3252 1127 3300 consulem
1145 3252 1217 3302 mibi.

117 3327 250 3392 probatio.
261 3327 341 3376 Idem.
686 3323 721 3371 Et
734 3322 799 3372 bens
815 3324 969 3386 prospiciam:
986 3325 1059 3388 quusi
1075 3340 1126 3374 oon
1138 3341 1216 3388 prou,

148 3405 183 3451 48
200 3401 293 3466 lsune]
319 3401 375 3452 Aut
393 3401 587 3463 nbundstaone,
604 3407 649 3452 sut
686 3411 769 3460 surus,
781 3398 830 3447 uisi
842 3399 980 3462 providero
992 3400 1063 3448 milri.
1097 3400 1173 3450 Idem.
1207 3432 1214 3443 .

116 3475 286 3527 inferioribus
295 3476 426 3540 juugitur.
459 3478 537 3528 Idem.
712 3477 742 3522 51
752 3475 831 3537 Atque
841 3475 1040 3538 unumquidquid]
1049 3476 1158 3527 Plautus
1166 3477 1215 3529 irae

148 3553 314 3616 Silicsruium]
348 3555 430 3603 Coena
450 3568 509 3616 quae
534 3551 649 3603 infertur
686 3551 1134 3604 voceutiturTriuumnoruuso.
1151 3552 1216 3601 ‘Sin

115 3629 176 3680 Diis
187 3629 315 3689 manibus,
331 3628 399 3693 quod
407 3643 464 3678 eam
476 3629 582 3677 silentes
592 3641 648 3678 cer·
687 3626 891 3692 unumquidquid
913 3626 1063 3689 singillatim
1075 3632 1104 3676 et
1115 3627 1216 3689 placide

114 3711 189 3766 nant,
205 3703 293 3766 idest,
311 3703 410 3753 umbree
423 3698 588 3768 possideuuts
606 3704 648 3753 vel
685 3703 908 3766 percunctnbere.’
924 3704 1054 3752 Boerlerrrs.

115 3779 186 3845 qnod
197 3779 241 3844 qui
253 3779 310 3829 baec
322 3778 446 3840 inferunt,
465 3784 575 3829 cernent
593 3784 649 3827 ten·
718 3782 890 3845 Bellissimum]
922 3782 1033 3845 Proprie
1062 3780 1217 3832 bellissimum

114 3862 181 3919 tom,
198 3869 283 3920 neque
295 3856 444 3919 degustent.
478 3857 547 3906 Num
564 3856 597 3905 de
608 3857 647 3906 lris
686 3855 761 3906 dixit.
782 3857 895 3906 undeet
912 3856 1055 3920 hujusmodi
1067 3856 1098 3906 ad
1111 3857 1214 3908 irritae.

114 3947 174 3998 qnae
190 3931 305 3980 libantur
321 3929 421 3991 inferis,
437 3945 551 3995 quisquis
563 3945 648 3980 corne·
685 3931 744 3983 dum
765 3932 851 3994 guium
871 3931 924 3981 cibi
949 3930 1048 3980 ballerin
1080 3931 1213 3984 dicuntur

114 4006 196 4067 derit,
212 4012 258 4055 eut
280 4005 383 4065 biberit,
404 4003 558 4055 funestatur.
592 4004 648 4055 Aut
690 4007 809 4056 Donatus.

114 4079 530 4143 eritsilicerniumsenex,quijnm
538 4081 647 4144 jamque
716 4079 880 4144 eucarpum]
905 4079 986 4129 Modo
1004 4081 1100 4141 eligam.
1134 4081 1212 4135 Alius

113 4157 251 4210 silentibus
268 4156 415 4223 umbrisque
434 4154 579 4208 cernendus
594 4157 646 4208 sit·
685 4159 770 4211 ledum
789 4156 935 4221 significan
952 4164 992 4221 ut,
1009 4159 1123 4223 ‘Cupit
1143 4163 1212 4216 enim
