2676 4710
341 311 522 362 usaauuu
544 311 662 363 suna.
684 313 767 363 sou.
783 316 808 362 1.
830 315 884 368 se.
903 319 927 367 r.
1088 303 1173 369 1047

94 452 210 519 τοίη,ᾳυὶ
221 468 256 503 ex
265 452 363 504 Graecis
372 454 521 520 Latinisque
532 453 616 519 politis
654 455 802 508 Ciceronem
813 471 864 507 non
874 458 978 509 memini
988 473 1030 512 me
1043 463 1097 514 tale
1112 465 1180 532 quid.

94 528 205 578 subinde
224 528 317 593 aliquid
337 529 364 577 iu
381 544 424 579 ore
438 529 577 593 habehant,
588 536 617 579 et
654 531 798 582 ohservare.
815 533 898 584 Faber.

96 606 130 656 ad
142 608 277 671 praesentia
287 608 391 672 negotia
403 609 535 672 eleganter
546 613 618 672 epta·
685 613 717 659 88
729 612 828 673 &aaa
839 612 938 676 quoque]
949 613 986 662 Ut
997 619 1025 663 et
1035 615 1091 678 ipse
1099 616 1175 668 Para·

96 682 171 733 baut.
202 685 302 735 Becler.
615 720 619 727 -
654 687 746 751 philus,
763 697 808 738 sut
826 690 902 740 etiam
924 706 981 756 ego,
1000 708 1074 758 quem
1093 697 1176 746 minua

129 763 160 808 80
177 759 218 808 Sic
241 759 384 823 cogitabam]
401 759 442 810 Ac
464 760 486 809 si
504 758 619 822 diceret,
654 763 782 814 crederes.
798 766 915 816 Daunius.

97 834 146 884 hoc
162 835 321 897 cogitabam:
339 849 442 885 sensnm
459 842 559 885 tautum
576 848 618 885 co·
686 839 746 899 Eius
766 840 846 903 eausa]
862 842 984 904 Ejusdem
1001 847 1176 896 mansuetudi-

97 910 226 974 gitstiouis
249 911 338 960 dicere
362 911 467 961 debuit:
489 912 534 960 sed
559 911 620 975 quia
655 915 694 964 nis
706 922 734 964 et
743 915 913 980 humanitatis,
931 923 958 967 et
971 919 1028 982 ejus
1039 921 1179 986 Pamphili.

94 985 128 1034 ric
137 985 269 1046 cogitabam
280 986 356 1049 dixit,
367 988 448 1049 ipsum
461 993 558 1050 gestum
576 1001 619 1036 co·
655 991 730 1040 Idem.

96 1061 202 1123 gitsntis
224 1062 502 1135 exponit-,gemtum
517 1061 620 1124 munau.
687 1069 719 1116 Ia
729 1066 805 1126 sunus
813 1068 908 1132 prodeo]
925 1069 956 1118 Ia
964 1069 1040 1129 susus
1055 1069 1095 1136 (in
1107 1086 1177 1135 pom·

96 1138 186 1187 Donat.
255 1158 259 1163 ·
293 1130 362 1156 '³‘
656 1158 715 1206 paru
733 1143 912 1208 exequiarum)
930 1146 997 1210 quod
1015 1162 1031 1196 e
1049 1146 1178 1199 funalibus

80 1250 114 1284 ⁴,
127 1213 266 1277 s's'lcparoae
276 1215 450 1265 remeetudiais
460 1215 541 1278 causa]
560 1213 619 1264 Hoc
656 1218 812 1276 dictumest,
829 1227 856 1270 ct
868 1221 940 1271 uncis
956 1222 997 1270 rel
1014 1224 1100 1272 cuneis
1117 1237 1178 1272 can·

96 1297 146 1352 eat,
156 1291 267 1340 conuiuii
278 1297 394 1341 tantum:
413 1297 441 1341 et
449 1291 508 1356 qnia
519 1291 621 1340 dixerat
657 1293 827 1357 delubrorum,
836 1296 927 1360 quibus
936 1296 1043 1347 delibuti
1055 1297 1139 1361 funes,
1151 1305 1180 1349 et

95 1368 235 1429 puer,.huc
255 1368 336 1417 solam
351 1369 435 1432 egisse
451 1369 620 1432 Pamphilum,
657 1370 695 1432 [iu
717 1373 794 1435 genn]
815 1372 884 1420 cerei
906 1370 1008 1422 iomitcs
1031 1373 1181 1438 infiguntur.

96 1442 159 1491 nihil
176 1442 432 1507 aliud,‘Symbolam
443 1444 524 1507 dedit,
536 1457 621 1491 coeue·
658 1447 733 1496 idem.
1115 1488 1118 1495 ,
1180 1484 1182 1491 .

96 1515 153 1565 ait:
186 1518 262 1567 Idem.
690 1525 722 1569 80
738 1522 808 1570 Nihil
818 1523 936 1584 auspicaris
945 1523 1016 1572 mmm
1025 1523 1092 1586 mali]
1107 1524 1180 1573 Bene

127 1592 180 1642 Hie
197 1607 280 1655 perora
299 1593 482 1654 coameiudiais]
503 1592 623 1641 citantur
658 1597 791 1658 suspendit
802 1597 953 1647 auditorem.
970 1598 1045 1647 Idem.

96 1667 124 1717 hi
134 1682 223 1717 versus
235 1667 393 1718 silices-ouis
409 1667 524 1717 Antonio
536 1666 581 1726 00.
591 1679 623 1714 11.
692 1671 784 1734 Etiam]
800 1671 860 1720 Alis
877 1679 917 1722 est
933 1673 1065 1736 suspensio
1076 1671 1180 1723 audiea-
1218 1672 1224 1685 '

95 1742 132 1792 de
152 1743 275 1805 Oratore,
297 1743 441 1806 exemplum
463 1747 623 1806 argumenta·
660 1747 703 1807 tis,
714 1756 741 1796 et
753 1749 884 1797 excusatio
896 1748 953 1797 elis.
971 1749 1046 1797 idm.

95 1818 318 1871 tioaiuaMinori.
351 1821 455 1871 Famab.
689 1822 782 1885 Etiam]
799 1822 900 1873 Adhuc.
917 1824 991 1874 Idem.

99 1930 103 1936 .
128 1899 162 1944 84
181 1896 240 1944 Tam
255 1895 310 1955 fert
323 1896 491 1959 familiariter]
517 1895 550 1945 Id
574 1901 623 1959 est,
665 1933 668 1939 .
690 1899 765 1961 Hem]
778 1899 896 1947 Perculsi
906 1914 937 1948 ac
948 1899 1095 1949 metuentis.
1105 1898 1180 1949 ideas.

96 1970 229 2034 graviter:
247 1985 306 2019 uam
320 1987 377 2035 quae
396 1970 624 2021 nobissuntfami·
689 1976 721 2021 00
738 1971 859 2037 Effertur]
880 1971 1023 2038 'sapiperaa
1061 1973 1181 2022 Graecum

94 2044 177 2108 liaris,
188 2045 345 2108 gresiasunt
356 2047 439 2094 auimo
451 2052 547 2096 uestro.
574 2046 623 2095 Fa·
658 2052 712 2095 est:
732 2046 799 2111 quod
819 2048 902 2097 vitans
914 2049 1043 2113 Virgilius,
1062 2063 1095 2098 ne
1112 2047 1182 2097 dice·

95 2121 232 2179 wiliarius,
244 2121 316 2185 quasi
327 2120 475 2172 familiaris:
493 2136 525 2171 an
537 2123 623 2185 potius
658 2130 698 2172 ret
713 2122 826 2188 effertur:
850 2125 942 2189 inquit,
967 2125 1050 2173 ‘Tum
1073 2138 1182 2186 corpora

96 2195 271 2248 familiariter.
302 2199 392 2249 Donat.
658 2199 715 2247 luce
734 2204 869 2248 carentum
888 2201 1034 2263 Exportaut
1052 2198 1139 2260 tectis,
1154 2205 1183 2247 et

101 2320 104 2325 .
129 2277 162 2323 85
176 2273 240 2330 Quid
254 2273 293 2322 bic
308 2275 367 2324 mibi
377 2274 455 2334 fauet
464 2275 540 2338 putri]
550 2275 625 2338 Mitt,
658 2272 743 2322 tristia
763 2273 853 2322 funera
869 2274 983 2323 ducunt.’
1014 2272 1108 2338 Efferri
1124 2288 1184 2336 pro·

99 2346 232 2397 circumc.
266 2348 302 2396 Et
319 2353 455 2412 postquem
471 2349 531 2397 mihi
549 2349 624 2405 dixit,
660 2347 850 2409 priedicuntur
869 2348 995 2398 cadavera
1010 2355 1183 2398 mortuorum:

98 2421 197 2485 pondus
208 2422 299 2473 intulit
306 2423 426 2487 nominis,
433 2423 542 2473 dicendo
550 2423 624 2486 patri.
660 2428 689 2471 ct
706 2423 742 2471 ire
756 2423 860 2484 proprie
876 2422 910 2470 ed
929 2423 1057 2486 exequias.
1089 2422 1182 2484 virgil.

97 2498 183 2550 Idem.
226 2542 228 2547 ⁴
325 2543 327 2546 .
621 2544 623 2553 ,
659 2497 729 2562 ‘Ite,
746 2498 1037 2561 ait,egregiasaaimas,
1053 2512 1109 2562 quae
1125 2512 1183 2547 san-

100 2612 106 2621 ·
132 2580 197 2634 Qeid
209 2579 248 2628 liic
259 2576 328 2640 mbr]
344 2574 413 2627 Vide
423 2590 499 2642 quera
516 2579 623 2624 venuste
658 2572 820 2636 guiucnobis
837 2573 1184 2638 Haacpstrismpeperere.'

97 2655 234 2720 repetierit
244 2655 291 2704 lu'c.
307 2653 390 2703 ldeur.
542 2677 547 2689 ·
659 2650 733 2699 idem.

101 2765 104 2770 -
132 2730 266 2786 Quidoar'hi
281 2729 410 2788 bicsmiet
424 2728 502 2791 patri]
519 2728 623 2779 eirsror
693 2725 814 2789 liffetur:
829 2725 902 2774 imus:
916 2725 1006 2774 interea
1021 2725 1083 2774 ister
1101 2725 1183 2774 emhe-

98 2813 127 2856 et
142 2807 191 2855 hoc
207 2803 404 2866 hemistichium,
418 2802 500 2868 ‘quid
511 2803 572 2852 mihi
582 2804 624 2853 hic
659 2801 708 2863 res]
726 2802 894 2850 Continuatur
910 2801 965 2850 haec
980 2815 1040 2864 pers
1057 2802 1183 2852 narratio-

98 2881 180 2932 faciet
196 2881 264 2945 petri
272 2879 290 2930 ξ’
308 2880 394 2944 Epist.
405 2881 496 2931 Famil.
508 2894 549 2930 rx.
569 2881 589 2928 l.
600 2884 624 2928 7.
660 2876 699 2923 nia
709 2890 747 2924 vs.
757 2880 812 2925 100.
829 2874 924 2924 ‘funus
933 2877 1035 2925 interim
1045 2876 1201 2940 procedit,’,

97 2958 186 3021 Epist.
204 2955 311 3007 fami.
564 2987 566 2991 .
619 2992 622 3001 ,
660 2953 708 2999 dac·
733 2950 829 2999 inserta
848 2951 950 2999 interim
974 2959 1117 3013 opportune
1138 2949 1185 2998 de·

102 3059 107 3073 .-
132 3037 166 3084 80
182 3032 245 3081 Hoec
263 3047 306 3094 ego
326 3029 448 3094 pusiam]
474 3029 565 3077 Patare
587 3035 626 3080 est
662 3025 801 3086 scriptione
815 3024 931 3088 Glycerii
946 3024 1085 3080 luculenta,
1102 3035 1154 3078 nou
1169 3039 1187 3075 a

99 3110 164 3174 ejus,
179 3108 224 3173 qui
242 3107 408 3171 simplicitate
424 3106 537 3169 pectoris
553 3104 626 3154 abet·
662 3099 835 3162 pulcritudine
861 3105 959 3147 ¹²¹¹i¹¹¹¹¹
982 3096 1081 3159 f⁰l¹¹¹ae2
1103 3099 1148 3149 8θᾶ
1170 3116 1186 3151 ⁸

99 3187 178 3237 mit,
210 3182 627 3245 cicerogsnonpntavit,lapsus
662 3174 877 3223 modestiaetiam
888 3187 1000 3223 morum:
1017 3175 1084 3240 quod
1099 3174 1186 3226 futuro

102 3261 161 3312 est!
182 3261 274 3311 Donat.
662 3265 752 3299 socero
779 3248 888 3298 maxime
923 3251 1091 3312 spectandum
1125 3252 1187 3303 fair.

105 3370 110 3383 .
135 3335 196 3386 fleo
206 3351 249 3397 aga
257 3332 380 3400 pusiam]
390 3334 461 3383 ,Cum
469 3331 552 3381 adhuc
564 3330 625 3381 nihil
663 3324 746 3376 Poeta
756 3324 798 3374 hic
808 3338 860 3374 ane
869 3325 1011 3390 eademque
1022 3342 1111 3391 opera,
1123 3328 1186 3391 Gly-

102 3410 260 3475 peccatioais
279 3407 432 3466 ostenderit,
449 3413 536 3456 tamen
554 3405 628 3454 dolor
663 3402 733 3451 cerio
752 3401 968 3452 existimationem
986 3402 1088 3463 bonam,
1109 3402 1186 3451 Poro-

100 3486 131 3535 iu
148 3483 234 3535 futura
248 3482 408 3549 prorumpit:
424 3489 463 3543 ut,
481 3483 536 3529 ‘Et
548 3495 628 3543 gener
663 3477 733 3541 philo
755 3481 866 3537 veniam,
885 3477 980 3525 Simoni
1001 3476 1131 3525 consilinm
1151 3475 1186 3542 (si

102 3561 223 3612 auxilium
232 3561 337 3611 Priamo
347 3556 546 3621 Phrygibusque
563 3555 628 3605 fere·
665 3555 761 3617 agnitio
773 3552 872 3603 acilhcet
882 3551 1031 3617 accederet)
1048 3560 1186 3618 preparat.

101 3639 168 3691 hat!
183 3640 258 3689 ldera.
663 3630 790 3679 Bmmb

104 3747 109 3757 ,
133 3716 242 3765 ΗΜ
258 3711 361 3777 fugeras]
378 3707 625 3769 cirouclrrysidem.
696 3705 818 3772 Effertur]
836 3705 1015 3755 Narrationem
1037 3707 1101 3756 hauc
1120 3705 1187 3756 bene

102 3794 178 3844 luem,
663 3789 789 3832 moratam
809 3788 837 3830 et
859 3781 890 3830 ad
918 3780 1123 3843 persuadendum
1145 3794 1187 3830 ac·

134 3874 167 3918 87
184 3867 317 3930 Maurusii]
334 3867 410 3916 Circa
422 3864 525 3913 amicos.
539 3861 613 3912 idem.
665 3857 850 3907 commodatam
869 3857 957 3905 laudat
974 3856 1082 3904 Cicero:
1100 3854 1188 3905 ‘Nem

104 3988 107 3995 .
135 3943 299 4006 Mansuetique
316 3941 391 3990 animi
409 3939 497 4005 suffieia]
519 3938 629 3993 Gallice,
665 3935 839 3998 ispostqnam
870 3931 982 3979 excessit
1010 3943 1043 3976 ex
1071 3927 1188 3994 ephebis,

102 4017 177 4082 ειμι
191 4016 248 4068 (ιή
262 4016 307 4066 pp„
322 4015 424 4065 „araret
456 4015 548 4065 Tribus
568 4028 630 4078 qus·
665 4023 740 4073 qusru
765 4008 842 4067 lunga
870 4010 910 4053 est
939 4004 1069 4053 narratio?
1104 4020 1188 4057 morea

102 4100 162 4144 tnor
181 4093 245 4145 locis
256 4092 355 4159 officiam
373 4107 389 4141 e
405 4090 526 4141 'l'erentio
543 4091 570 4139 ia
581 4091 630 4139 hoc
666 4081 844 4142 adolescentis,
862 4086 890 4129 et
904 4079 1003 4130 servilis
1020 4083 1189 4145 percontatio,
1279 4106 1281 4110 ⁴

104 4162 249 4232 significatu
265 4173 375 4220 sumtum
390 4167 518 4218 assensio.
552 4164 629 4231 Apud
667 4173 734 4212 mors
753 4155 892 4221 Chrysidis,
910 4157 995 4208 vultus
1014 4167 1043 4209 et
1061 4158 1142 4209 forma
1160 4165 1189 4208 et
