2676 4710
315 339 497 387 rnuuurrr
522 337 950 393 nnsuru.ncr.1rr.sc.
975 342 1015 389 rr.
1130 325 1217 390 1439

116 479 218 531 ordinis
235 485 263 528 et
283 480 406 544 temporis
426 478 576 530 adverbium
599 486 648 542 ert,
685 478 810 528 Alcmena
828 479 896 544 apud
915 483 1050 546 Plautum,
1066 482 1147 534 ‘Non
1165 496 1215 547 ego

116 571 169 608 nou
180 557 336 621 conjunctio.
356 557 471 606 Donatum
685 559 754 608 illam
766 560 852 609 dotem
866 561 926 610 mibi
938 562 1005 611 duco
1017 575 1083 622 esse,
1098 577 1155 626 quae
1168 561 1215 611 dos

151 638 185 683 ⁸8
209 636 266 687 Au:
279 633 315 681 nri
324 633 398 690 bonno,
409 647 481 682 mnus
490 647 519 680 ue
529 632 566 694 es]
591 632 649 682 Hoc
685 634 779 683 dicitur
788 651 796 694 3
806 634 858 683 Sed
871 636 1029 699 pudicitiam,
1041 645 1068 687 σι
1081 637 1215 701 pudorem,

117 727 151 759 ex
175 723 284 772 persona
305 710 416 758 nutricis
438 709 576 771 legandum
600 715 650 758 est.
685 720 713 758 et
735 710 850 759 sedatam
873 711 1032 774 cupidinem,
1053 715 1140 762 Deum
1160 727 1214 763 me-

115 789 164 836 illa
174 788 243 836 euim
262 786 471 835 dissimulandam
488 799 542 834 rem
562 791 648 848 putat.
686 794 751 849 tum,
762 794 897 849 parentum
911 798 1068 851 amorem,et
1078 797 1216 854 cognatum

115 866 168 925 Mi,
180 878 227 928 pro
237 878 309 913 uuus.
325 863 408 911 idem.
685 861 867 912 concordiam!
884 863 1028 912 Foruoba’os.

102 974 105 980 -
150 944 182 990 41
201 940 274 989 Nunc
293 940 314 987 εἰ
335 940 379 988 boo
396 941 477 1002 polum
492 937 663 1010 proferemus]
717 944 750 988 48
775 941 833 987 Non
850 939 939 1002 potest]
966 939 1142 1004 lungendum,
1161 943 1216 992 dori

115 1015 209 1076 Lectio
221 1016 279 1064 libri
297 1015 428 1077 Bembini,
438 1015 465 1064 in
482 1029 533 1080 quo
544 1021 585 1063 est
593 1029 650 1076 pro·
685 1020 792 1079 nuptum.
801 1017 844 1064 ·Et
854 1030 898 1078 pro
907 1014 1014 1076 uirgine.-
1032 1016 1057 1064 id
1069 1025 1118 1079 est,
1127 1019 1198 1081 virgo
1210 1028 1217 1067 ι
1291 1066 1294 1075 ,

108 1095 224 1156 seruum,
239 1108 344 1143 versum
359 1095 429 1144 bunc
442 1099 582 1143 sustentat.
599 1094 648 1143 Fa·
686 1101 724 1149 ut,
736 1092 777 1142 ‘N
780 1108 830 1142 unc
842 1094 918 1156 plane
927 1100 967 1142 est
977 1107 1025 1157 pro
1037 1098 1119 1154 nova:
1130 1095 1155 1143 id
1167 1101 1219 1156 est,

117 1172 198 1220 imas.
686 1183 761 1218 nova.
794 1168 849 1219 Aut
861 1183 909 1218 nec
921 1169 1005 1231 virgo,
1015 1183 1064 1218 nec
1081 1183 1129 1232 pro
1140 1171 1217 1234 virgi·

149 1251 183 1296 42
202 1247 252 1296 ilco
261 1246 341 1309 samo,
360 1252 384 1295 σι
399 1251 482 1308 gnotoe
499 1244 562 1308 or'to]
588 1244 649 1295 Tibi
685 1260 718 1295 na
736 1245 835 1296 nubere
854 1253 949 1311 potest.
971 1259 1021 1294 non
1043 1246 1131 1309 virgo:
1158 1247 1219 1310 quia

118 1324 188 1372 cuim
207 1324 308 1372 crimini
320 1325 380 1384 erit,
392 1323 511 1373 vitiatam
529 1337 586 1371 esse
599 1321 649 1370 fill·
685 1323 775 1371 vitiata
786 1329 835 1372 est.
845 1337 893 1372 nec
904 1337 951 1386 pro
965 1321 1081 1384 virgine:
1103 1320 1216 1385 quiores

117 1413 177 1448 am:
195 1399 322 1448 illietlam
340 1399 433 1449 oberit.
467 1400 503 1448 Et
513 1403 598 1447 utrum
614 1398 649 1446 εἰ·
685 1395 816 1447 diffamata
826 1406 875 1447 est.
892 1398 1012 1447 Donatus.
1219 1395 1224 1407 '

117 1481 177 1534 rom,
188 1474 298 1524 salutem
309 1475 393 1524 dicit?
410 1475 529 1526 Donatus.
717 1478 750 1523 49
781 1473 811 1524 Si
837 1474 930 1540 inficias
955 1474 1013 1538 ibit]
1047 1474 1075 1525 sl
1102 1474 1218 1537 negabit.

154 1551 242 1599 (ἔπεια
251 1549 315 1612 aito]
332 1551 369 1599 Ut
380 1550 450 1613 alibi,
458 1552 480 1600 le
489 1565 564 1615 nepos,
574 1549 649 1600 l’bon·
686 1551 762 1601 Idem·

117 1630 248 1687 neur‚&c.
267 1627 352 1677 Faber.
717 1624 762 1675 din
772 1626 866 1693 inficior
875 1625 929 1689 ibit,
941 1625 994 1688 lfa]
1012 1626 1056 1675 lta
1065 1625 1169 1674 omnino
1179 1627 1215 1676 le·

152 1701 649 1766 Indabium]1upericulum.Donorua.
686 1704 806 1766 gendum.
840 1704 917 1756 Qrmd
939 1705 1017 1754 etiam
1040 1717 1128 1754 eornm
1149 1703 1217 1752 Μεε.

150 1781 184 1828 48
207 1778 336 1841 Fateatur]
353 1778 475 1827 1ι’ἰιίεεεσ
493 1777 581 1828 liliam.
614 1780 651 1828 Et
685 1780 817 1843 scriptura
828 1781 922 1844 arguit,
934 1781 977 1845 qui
994 1781 1099 1844 babent,
1109 1781 1131 1829 εἰ
1142 1783 1168 1829 ia
1179 1780 1217 1828 r'u-

119 1853 268 1916 eomplexio
285 1861 326 1903 est
341 1852 464 1918 dirumpor
483 1855 605 1915 oratoria,
623 1854 650 1902 in
678 1855 752 1921 fidos
762 1857 796 1905 ib.
808 1864 837 1905 ut
849 1871 964 1906 meorum
977 1871 1051 1906 rinus.
1071 1857 1199 1905 Boecleruo.

118 1943 171 1993 qua
188 1936 274 1978 utrum
292 1931 413 1993 senseris,
431 1932 589 1980 contrarium
601 1933 650 1980 tol·
720 1933 797 1982 Testis
813 1948 902 1983 nucum
919 1939 955 1983 est
974 1933 1085 1996 uanum]
1107 1931 1217 1982 locutio

117 2006 167 2055 lis:
185 2007 337 2072 cogiturque
348 2007 363 2036 '
373 2008 442 2072 quod
454 2022 487 2057 ex
498 2009 581 2058 altera
592 2024 650 2074 par·
685 2010 742 2061 baec
754 2013 792 2061 εἰσ
803 2011 931 2076 capienda
942 2020 997 2071 est:
1018 2011 1067 2059 boc
1077 2018 1125 2073 est,
1137 2023 1217 2058 aunu-

119 2088 147 2130 te
158 2082 202 2131 sit.
214 2084 263 2132 boc
274 2092 314 2132 est
327 2092 423 2134 tacere.
439 2084 514 2135 Idem.
685 2087 724 2135 lus
737 2102 783 2151 pro
800 2102 842 2136 me
860 2087 941 2138 testis.
972 2087 1023 2137 Vel
1042 2087 1089 2147 sic,
1108 2087 1219 2136 annulus

150 2163 183 2208 44
202 2160 351 2222 Quapropter
369 2176 457 2225 quoquo
475 2163 564 2226 poeto]¹
581 2165 647 2213 Con·
685 2169 714 2211 σι
724 2177 772 2226 ego
784 2170 865 2213 testes
876 2179 971 2214 sumus.
987 2164 1037 2213 Sed
1047 2163 1138 2213 melius
1149 2160 1218 2227 quod

117 2249 184 2299 grue
195 2243 223 2285 et
242 2251 289 2299 pro
307 2251 427 2300 persona,
437 2247 465 2288 et
481 2255 529 2303 pro
540 2240 649 2288 muliero
685 2252 770 2303 snpra.
787 2241 906 2289 Dormtus.

116 2312 166 2361 boc
190 2312 287 2361 dictum
312 2321 368 2363 est:
396 2329 505 2379 eamque
527 2316 553 2364 in
575 2315 648 2364 malis
717 2315 850 2379 Amiserot]
869 2314 1013 2365 AEscbinus.
1031 2313 1172 2364 Foruoba‘us.
1212 2332 1214 2337 ·

116 2394 279 2442 constantem
291 2403 347 2438 esse
355 2389 524 2439 demonstrat.
542 2392 616 2439 idem.
717 2397 750 2440 50
762 2392 884 2443 Postremo
895 2394 988 2455 quondo
999 2407 1041 2453 ego
1055 2390 1147 2439 conscio
1158 2389 1219 2438 milri

149 2469 182 2514 45
201 2465 367 2528 Norasocr'om]
389 2466 446 2515 Non
455 2466 557 2528 sonum,
573 2467 649 2529 dixit,
685 2466 749 2529 suna]
761 2467 870 2530 Quando,
881 2465 1074 2532 proquoniam:
1091 2465 1132 2514 vel
1143 2479 1216 2528 paon·

117 2555 168 2604 pro
179 2541 331 2590 conlocabo:
348 2543 421 2606 quasi
436 2547 523 2605 locon,
538 2543 649 2606 aliquam
685 2544 726 2605 do,
737 2558 783 2605 pro
794 2542 908 2609 quidem.
925 2545 1043 2593 Donabo.

117 2615 246 2666 actionem
256 2617 360 2667 babeat.
381 2618 426 2666 sed
438 2619 541 2668 moralis
552 2618 649 2682 signifi-
720 2620 820 2676 woodo
831 2635 875 2682 ego
892 2621 984 2670 conscio
1001 2620 1035 2669 mi
1050 2617 1114 2682 sum]
1137 2616 1216 2669 oud.

116 2692 187 2743 catio
198 2700 248 2757 σει,
258 2701 286 2744 σι
296 2696 438 2744 communis
447 2696 585 2747 omnibus:
599 2697 649 2748 sic·
685 2697 832 2747 Fastorum.
846 2712 887 2747 ιν.
917 2697 1050 2747 ‘conscia
1067 2710 1139 2745 mens
1152 2692 1218 2743 recti

117 2778 148 2821 ut
176 2773 315 2822 odooootam
338 2773 446 2824 dicimus
474 2777 535 2826 mole
549 2777 648 2841 secisse,
685 2771 762 2822 famae
781 2774 918 2825 mendacia
936 2774 1020 2824 ridet.¹
1053 2768 1218 2822 Conscientia

116 2862 196 2912 quum
208 2850 325 2900 tacuerit.
343 2851 417 2900 loen.
685 2850 754 2900 mille
767 2858 866 2911 testes;
882 2865 970 2900 murus
985 2848 1106 2903 aheneus.
1123 2843 1217 2892 Famo-

153 2925 219 2980 Quo'd
236 2924 301 2986 ogia]
323 2925 354 2973 In
377 2927 440 2974 edil.
468 2927 573 2988 Falerni,
592 2930 648 2989 quid
684 2925 745 2976 bs‘ua

116 3004 192 3060 ages?
209 2999 303 3048 Faber.
716 3000 747 3044 ol
766 2997 850 3058 Neque
865 3009 917 3043 reon
931 2991 1015 3055 ulum]
1042 2992 1101 3042 Hoc
1119 3000 1160 3042 est
1177 2994 1217 3043 in·

150 3078 184 3123 46
201 3076 286 3136 Peiore
304 3088 342 3122 res
358 3076 407 3122 loco
423 3089 471 3122 aon
486 3079 565 3136 polest
586 3073 648 3137 esse]
685 3072 855 3136 temuntium,
876 3079 980 3135 pactum
1001 3072 1138 3133 clamant
1157 3085 1217 3135 pro·

118 3149 188 3200 Satis
200 3156 292 3213 argute
308 3149 377 3197 iuter
388 3148 484 3198 Getam
501 3157 529 3197 et
545 3150 647 3198 Sostra·
684 3149 799 3198 missum.
830 3151 865 3198 Et
885 3149 952 3198 bene
971 3153 1054 3197 totum
1070 3149 1217 3198 esecmtivs'

119 3234 171 3276 tam
183 3228 367 3276 seutentiasex
379 3223 649 3290 perturbationefacil
684 3224 767 3274 dixitr
792 3232 824 3275 ut
844 3225 888 3275 alii
915 3223 1031 3274 facinora
1051 3225 1216 3287 abhorreant.

120 3309 222 3353 nutare.
239 3303 359 3352 Donatus.
686 3303 805 3352 Donatus.

153 3380 269 3435 Quomr'n
285 3394 329 3441 ouo
344 3392 406 3426 nuno
424 3377 472 3426 sito
488 3376 537 3439 est]
563 3377 650 3427 Causa
718 3379 778 3442 iilo]
796 3378 980 3429 Filiascillcet.
996 3378 1072 3427 idern.

119 3457 183 3507 nibil
196 3459 311 3509 timendi.
329 3458 404 3507 idern.
721 3456 802 3519 Neque
812 3453 1217 3519 pretiumnequeremsllonas'nier·

151 3542 184 3589 47
202 3539 311 3588 Primum
320 3538 430 3586 indolata
440 3535 488 3598 est]
499 3535 576 3585 Ratio
588 3534 649 3584 sub·
685 3531 790 3594 σεεεὶεεσ,
800 3532 854 3595 ξω]
870 3533 931 3581 Rem
939 3532 1022 3594 alum,
1039 3546 1064 3582 e.
1076 3545 1101 3593 g.
1113 3536 1120 3559 ⁸
1131 3530 1216 3580 Inter·

113 3615 189 3678 jecta
200 3623 241 3663 est
252 3629 354 3662 causae:
372 3612 649 3676 etindotolompaupe-
687 3609 816 3671 nuntium,
826 3616 931 3672 pactum
949 3610 1026 3670 clam,
1045 3605 1217 3672 promissum,'

120 3707 175 3741 rem
186 3691 263 3741 modo
274 3691 346 3740 dicit.
363 3690 437 3739 idon.
686 3695 716 3736 ut
727 3686 805 3737 babet
813 3688 943 3736 Donatus.
974 3684 1017 3735 Ad
1024 3685 1127 3750 pretium
1138 3697 1218 3746 supra

155 3769 216 3817 Tum
235 3772 350 3829 praetemo
370 3781 423 3828 quc
442 3765 544 3814 eeucado
564 3764 587 3814 σε’
607 3766 650 3814 dos
687 3762 814 3812 retulerat
832 3760 1037 3825 ‘Infamiamab
1049 3762 1088 3816 iis,
1100 3762 1143 3825 qui
1161 3773 1217 3811 cre·

117 3834 182 3909 dut]
197 3842 338 3903 Videlicet,
348 3841 405 3890 dari
416 3855 464 3904 pro
475 3840 573 3903 virgine
585 3854 649 3903 nup·
686 3838 781 3888 derant
791 3839 877 3904 pretio
889 3837 1022 3888 vitiatam?
1045 3837 1156 3887 Illustris
1172 3835 1218 3886 sed

120 3927 183 3971 turn.
217 3921 251 3968 Et
268 3919 368 3967 incerta
380 3917 509 3967 distinctio
520 3922 577 3966 est:
594 3924 649 3964 ete·
687 3916 800 3966 intactus
817 3907 1004 3979 interpretibus
1020 3914 1101 3976 locus,
1117 3913 1150 3962 de
1166 3913 1225 3962 orl·¹

121 3995 173 4044 nim
181 4002 238 4044 erat
248 3993 288 4044 bis
298 3992 527 4055 subaudiendum,‘
538 3992 590 4041 Pro
599 3992 649 4041 vir·
687 3991 756 4040 mine
767 3990 860 4053 stupri.
889 3990 998 4039 Constat
1010 3990 1076 4038 enim
1088 3989 1155 4051 binc,
1165 3989 1217 4052 pri-

124 4071 182 4133 gine
194 4070 250 4119 dari
262 4069 388 4134 nuptum!
405 4070 479 4119 Idem.
688 4081 729 4116 mo
740 4083 746 4116 r
758 4074 877 4129 stuprum
888 4080 939 4114 non
951 4065 1077 4115 committi
1087 4065 1168 4113 risum
1177 4065 1219 4115 es·

156 4146 402 4200 Qaoeseouudoeidos
411 4144 474 4208 erut]
485 4145 584 4206 Pudor,
593 4159 649 4209 quae
689 4159 716 4192 se
736 4144 761 4191 in
773 4157 848 4205 eam,
860 4157 918 4207 qnos
937 4141 1043 4205 pudoris
1061 4139 1217 4206 profanandi

122 4220 235 4270 sectanda
246 4222 301 4286 dos,
313 4223 354 4272 rel
366 4222 452 4287 potius
465 4223 555 4286 prima.
574 4222 650 4272 Unde
689 4234 765 4270 causa
785 4219 897 4284 pretium
917 4219 1057 4285 acceperit,
1075 4234 1152 4271 suere
1170 4224 1219 4269 aut
