2676 4710
333 311 514 362 ranaurrr
540 282 813 363 acroenum.
837 312 877 360 ιι.
900 315 951 362 sc.
974 305 1030 363 ιιι.
1143 296 1233 364 1207.

133 459 226 505 utum
231 451 360 517 jubebant
368 456 595 506 aternumralere·
604 457 667 506 Fur·
705 455 851 504 trochaicus
880 454 1061 516 catalecticus,
1079 460 1109 504 ut
1137 457 1229 519 ceteri,

113 531 230 596 ¹arelius.
703 535 868 584 subditicium
897 533 1018 595 arbitror,
1038 539 1067 583 et
1091 532 1229 599 abaliquo

170 606 242 656 Alius
262 621 299 654 reo
317 604 382 668 ugia]
399 607 493 670 Recte,
517 609 578 672 quia
600 609 667 660 dixit
703 611 845 676 adjectum,
858 618 1027 675 putantenon
1040 610 1100 659 eatis
1111 610 1230 674 intelligi,
1328 602 1336 619 ⁸

115 700 119 705 ’
135 681 193 742 ille,
209 682 285 733 ‘dam
302 683 493 733 conclamatum
510 684 569 734 est!
585 686 666 736 Dono·
702 692 752 736 tum
763 688 840 750 magis
851 688 925 750 duas,
944 702 991 751 pro
1002 692 1052 736 rum
1068 686 1147 748 uragu
1156 687 1182 735 id
1192 688 1229 736 di·

135 763 186 811 tur.
702 779 758 813 cas:
775 762 844 828 quod
856 771 942 813 tamen
960 763 1061 825 Latine,
1079 768 1107 812 et
1124 762 1229 826 antique

170 833 241 882 Alios
251 848 289 882 res
299 833 365 895 ogis]
383 831 446 895 Aut,
456 849 502 883 non
515 835 619 884 attendis
634 837 667 885 cd
702 837 807 888 dicitur.
839 839 947 888 Plautus
958 839 984 887 in
997 838 1083 887 Milite
1092 837 1229 888 Glorioso}

135 909 165 962 id
180 909 241 972 quod
251 909 312 967 diro,
324 908 462 973 significat,
477 918 503 958 ut
516 912 584 960 nrrlla
593 912 627 960 sit
638 913 665 961 in
701 913 750 962 ‘Ei
762 914 832 962 mibi.
850 915 929 975 magis
947 913 1018 964 dicas
1037 913 1059 962 si
1076 914 1145 964 sciar
1161 913 1230 980 quod

135 999 171 1035 eo
190 985 311 1038 attentio.
334 1000 392 1035 uam
420 987 481 1036 hinc
508 995 594 1037 natum
617 995 666 1053 eat,
701 989 830 1051 egoecio.’
845 989 960 1039 Fc'e'rnur.

131 1061 239 1124 ‘Agite
260 1060 371 1111 amabo?
402 1063 468 1122 Ant,
496 1065 504 1092 ‘
516 1060 679 1128 nugatorias¹
736 1065 859 1119 Quodnam
883 1080 961 1128 queso
983 1063 1230 1133 hercle10uriosite·

136 1151 179 1186 rea
190 1137 265 1202 agis,’
283 1139 332 1187 boc
347 1145 397 1197 est,
410 1139 526 1202 jocaris:
541 1141 614 1205 quasi
625 1141 665 1191 di·
703 1148 781 1192 tatem
797 1143 907 1205 addidit,
918 1140 1081 1207 παρελκόντων
1098 1145 1183 1200 Quoeso
1200 1149 1228 1193 et

136 1219 191 1272 cat,
204 1227 282 1262 vanas
294 1227 335 1262 res
348 1215 410 1278 agis.
427 1215 502 1264 Idem.
701 1218 797 1267 Hercle.
831 1219 865 1266 Et
887 1218 946 1268 ride
965 1233 1040 1282 quam
1058 1217 1180 1279 molliter,
1200 1224 1229 1268 et

139 1325 141 1329 -
167 1293 202 1338 58
219 1289 273 1339 Seio
283 1290 436 1364 quoobductn
448 1291 493 1354 sit]
509 1293 572 1341 Plus
588 1292 665 1356 dixit,
699 1295 755 1344 sine
775 1296 910 1345 intellectu
926 1296 1082 1359 spectatoris
1098 1294 1131 1343 ad
1153 1294 1230 1357 argu·

135 1378 216 1428 qnam
243 1363 464 1427 interrogabatur:
491 1368 569 1417 credo
584 1368 664 1418 radio
700 1372 781 1419 menti
796 1371 907 1434 spectati
917 1371 1030 1420 ordinem
1041 1369 1124 1419 Poeta
1137 1383 1229 1432 perve-

134 1440 339 1504 interrogantis3
357 1455 415 1491 nam
428 1451 559 1506 properat,
571 1451 600 1494 nt
610 1445 664 1495 dic·
700 1447 771 1496 niat:
786 1453 817 1496 ut
835 1446 868 1495 de
880 1444 1004 1496 Eunucho
1015 1444 1087 1495 facta
1098 1445 1228 1494 mentione

133 1524 208 1567 turns
219 1525 267 1579 est,
275 1517 308 1566 ad
324 1517 502 1567 deducendum
512 1520 662 1570 Eunuchum
699 1524 832 1572 consilium
850 1530 972 1574 nascatur
983 1521 1230 1587 supponendiChee·¹

135 1593 170 1642 nd
177 1593 304 1643 Thaidem
314 1608 372 1644 cum
382 1595 477 1644 ancilla
484 1611 516 1645 ex
526 1596 663 1660 AEtbiopia.
700 1613 764 1648 rear.
788 1599 906 1649 Donatus.

134 1671 213 1720 Idem.
731 1675 881 1737 Eunuchum]
902 1674 970 1723 Mire
991 1671 1128 1723 Terentius
1144 1669 1228 1735 primo

136 1787 141 1794 .
166 1747 281 1810 Meque
296 1747 397 1797 obducta
414 1747 460 1811 ιιι]
476 1747 597 1798 Secunda
608 1748 664 1798 dno·
699 1751 852 1814 simpliciter
874 1750 1000 1799 Eunucho
1018 1763 1110 1798 nomen
1131 1747 1230 1812 posuit,

131 1822 255 1882 σιόησιι.
269 1824 344 1874 Idem·
700 1826 757 1875 huic
770 1841 870 1890 quoque
882 1827 1054 1875 detracturus.
1072 1825 1147 1874 Idem

135 1939 139 1947 .
166 1904 200 1949 59
216 1901 269 1948 Eho
279 1901 398 1950 Parmeno
408 1900 450 1963 mi,
459 1899 564 1950 uodin‘t
577 1907 601 1951 et
616 1901 663 1952 seia
730 1905 762 1950 eo
789 1900 953 1964 Inhonestum]
976 1900 1098 1949 Foedum:
1116 1903 1146 1947 ut
1164 1911 1225 1947 coo·

133 1973 177 2025 ubi
195 1976 251 2040 ciet]
267 1975 400 2026 Amatorie
416 1978 487 2031 ,satis
508 1986 663 2041 repetuntur
698 1983 746 2033 tra,
757 1977 825 2037 secie
839 1979 943 2027 honeste.
955 1984 983 2027 ut
995 1975 1064 2039 apud
1076 1973 1225 2037 Virgilium,

133 2067 195 2118 qnae
203 2054 281 2102 semel
293 2053 538 2105 dictnsnffecerant.
554 2056 628 2107 Idem.
698 2055 748 2104 ‘Et
768 2055 841 2104 laetos
868 2053 949 2102 oculis
972 2050 1073 2101 afflarat
1094 2046 1225 2099 honores!

166 2132 200 2178 bil
217 2129 274 2177 Huc
287 2130 386 2178 deductu
404 2135 439 2179 aar
457 2131 489 2179 ud
505 2132 662 2195 meretricem]
697 2131 772 2180 Idem.

132 2206 170 2255 Et
180 2205 231 2255 boc
241 2203 377 2256 confundit
393 2207 482 2270 semel,
492 2222 568 2270 quum
589 2223 661 2258 acer·
730 2206 869 2269 Hominem]
880 2205 1035 2268 Opportune
1043 2201 1159 2251 hominem
1170 2199 1227 2248 dix·

133 2280 215 2329 ratim
227 2281 300 2342 dicit,
313 2282 384 2331 velut
397 2281 456 2331 odio
475 2281 662 2345 interrogantis
698 2281 729 2343 it,
740 2290 863 2346 tanquam
874 2279 966 2329 incerti
980 2292 1064 2327 sexus.
1084 2276 1161 2324 Idem.

132 2356 240 2419 saepius,
259 2364 286 2405 et
302 2355 468 2406 festinatione
490 2357 523 2406 ad
543 2357 663 2407 mandata
732 2357 890 2417 Inhonestum,
901 2352 1226 2417 &offredum-utendi·

132 2431 261 2480 Pbadrioe
272 2431 426 2495 peragenda.
443 2432 518 2481 Idem.
699 2447 735 2483 sc.
744 2437 769 2483 4.
778 2433 786 2460 ‘
794 2433 870 2482 Nunc
881 2429 929 2479 tibi
941 2427 1045 2477 ridetur
1054 2422 1155 2475 foedus?
1166 2423 1227 2472 Far·

169 2509 202 2558 62
219 2505 340 2555 Plroedrie
356 2505 450 2568 meniu]
469 2508 534 2556 Cum
552 2521 663 2570 pronun·
699 2511 792 2560 nauus.
1026 2507 1029 2521 '

134 2581 245 2630 tiatioue
257 2580 474 2646 addendumque
487 2583 664 2647 magisdoleat
734 2587 808 2642 Quem
826 2586 942 2634 mercatur
962 2584 998 2630 eet
1019 2577 1086 2642 ltere]
1112 2577 1185 2628 0.1.
1206 2591 1230 2631 t.

133 2657 264 2706 Phaedriae
275 2657 370 2707 rivalis.
386 2658 461 2707 Idem.
698 2661 758 2711 lteri.
771 2676 828 2726 quae
841 2667 927 2709 tamen
939 2671 989 2706 ron
1005 2657 1043 2704 ric
1054 2668 1157 2720 quoque
1168 2667 1228 2719 por·

166 2731 571 2795 Durorjratriopertcaproedices]
588 2732 663 2783 Scili·
699 2739 821 2786 teriorcm
832 2735 949 2798 corripit.
966 2731 1081 2782 Fuimus.

132 2813 179 2863 cet
190 2816 279 2857 contra
288 2809 407 2857 aemulum
419 2818 447 2859 et
459 2811 564 2858 divitem
577 2818 605 2859 et
614 2812 683 2859 lur-⁴
732 2812 824 2874 Senem,
849 2808 982 2871 mulierem]
1013 2809 1073 2858 Nou
1100 2803 1229 2855 communi

133 2887 274 2951 girelmum.
307 2888 360 2936 ‘Et
380 2897 468 2950 partes
487 2888 573 2938 duras'
592 2908 663 2951 μετα·
700 2903 795 2951 genere
810 2886 877 2936 dixit
889 2901 983 2935 smem:
999 2883 1096 2947 quippe
1107 2881 1150 2947 qui
1163 2879 1226 2929 alibi

132 2965 241 3027 popradc,
252 2962 284 3011 ab
295 2963 424 3013 actoribus
433 2966 551 3015 scenicis.
569 2968 644 3017 Idem.
700 2962 870 3026 separaverit,
895 2959 1016 3018 dicendo,
1050 2972 1123 3006 renea
1156 2961 1228 3018 utque

165 3043 199 3088 m
218 3039 355 3101 Comparrt]
376 3039 428 3088 Hic
443 3041 497 3104 jam
517 3043 663 3092 ostenditur
699 3055 771 3088 enus.-
788 3036 833 3085 sed
849 3033 1106 3096 subdistinguendum
1120 3037 1179 3082 est:
1198 3036 1227 3080 ut

132 3117 208 3167 miles
218 3115 343 3164 illustrior
355 3129 402 3178 per
410 3116 494 3166 rivalis
503 3118 578 3177 dona,
586 3111 663 3182 quim
698 3116 733 3166 rit
741 3115 838 3178 duplex
847 3110 1016 3175 vituperatio:
1031 3123 1082 3158 una
1092 3107 1124 3157 ab
1136 3113 1224 3170 aetate,

132 3207 182 3258 per
190 3207 245 3248 sua.
263 3192 298 3240 Et
308 3199 349 3241 est
358 3192 467 3254 qualitas
477 3195 662 3257 comparativa.
699 3191 770 3256 quod
781 3191 919 3240 aiteeuem:
934 3187 1018 3235 altera
1029 3200 1044 3234 a
1055 3185 1227 3234 membrorum

133 3271 260 3332 conpore
269 3282 316 3331 pro
325 3272 662 3335 emat‚autcomparandrrm
700 3266 817 3322 mollitie,
828 3263 896 3329 quod
908 3261 1081 3312 aitmulicrem.
1098 3261 1225 3312 Donatus.

133 3352 221 3409 putet.
236 3343 312 3391 Idem.
731 3339 870 3402 Mulierem]
887 3339 1005 3400 Mollem,
1021 3338 1151 3402 glabrum,
1167 3337 1227 3402 quia

165 3420 268 3470 bllirm
278 3419 477 3484 mcgisr'ddieoa]
503 3424 590 3473 Duras
605 3440 663 3489 par·
700 3421 838 3470 eviratum.
854 3414 995 3466 Farnobium

133 3500 176 3545 tes
185 3492 273 3543 fratria
285 3508 352 3543 erse.
369 3495 444 3545 Idem.
731 3499 764 3544 66
782 3493 910 3550 Quotielur
925 3495 989 3539 certe
1008 3503 1060 3536 cum
1074 3489 1134 3536 dono
1143 3485 1226 3550 forus]

169 3570 228 3619 iiam
237 3571 314 3630 megia
332 3570 358 3618 id
370 3570 446 3633 dhus]
463 3573 618 3639 Scriberem,
629 3577 662 3626 ob
699 3572 768 3621 Mire
778 3586 830 3620 cum
839 3571 913 3618 dono:
930 3572 1052 3628 tanquam
1065 3563 1102 3612 illi
1114 3564 1226 3627 repulsae

105 3653 107 3656 ‘
133 3652 255 3704 metrum,
266 3650 317 3693 tum
328 3646 400 3708 mugi'
411 3647 486 3711 dieue,
496 3651 565 3714 quod
575 3659 603 3701 et
614 3653 662 3702 Fa·
699 3646 881 3698 canendorum
901 3638 1068 3690 futurumsit.
1100 3639 1165 3686 Tum
1182 3637 1227 3687 de·

133 3721 308 3771 irnusreneit.
319 3723 405 3771 Faber.
698 3724 759 3774 inde
780 3738 830 3772 non
858 3720 1001 3784 rejiciatur,
1027 3715 1073 3766 red
1098 3716 1233 3778 quotidem·

133 3854 137 3861 ,
167 3798 436 3861 l'ummugieiddicca]
454 3800 610 3851 Pronomen
627 3802 662 3861 id,
698 3791 1227 3863 Videquamcontumeliosiuedictumeit,

132 3874 494 3939 rarieccllocatur.antiqui
515 3879 585 3926 enim
602 3879 662 3928 libri
698 3871 901 3939 putendum
920 3869 961 3918 '⁰¹
974 3866 1123 3916 ”ibelim
1134 3866 1226 3928 impel·

132 3959 161 4000 et
179 3952 300 4000 Donatus
319 3949 398 3999 verbo
419 3957 592 4013 praeponunt;
608 3968 661 4003 om·
699 3953 768 4001 tetur
787 3949 866 4009 lotar,
884 3959 934 3994 nou
953 3943 1113 4005 expulsione,
1124 3942 1169 3991 ted
1181 3941 1226 3992 (¹⁰-

133 4040 181 4086 nea
193 4025 237 4074 alii
249 4031 415 4088 postponunt.
432 4040 481 4088 ego
496 4027 562 4075 hanc
573 4042 662 4079 rocem
701 4026 823 4079 trusione.
855 4023 905 4071 Vel
917 4021 954 4079 sic
965 4019 1041 4081 (ιίῐίῑ,
1054 4019 1124 4079 soret
1135 4020 1225 4082 emtio-

132 4103 224 4162 idcum
236 4100 337 4150 videam
349 4109 448 4151 certam
459 4102 547 4154 eedem
558 4117 609 4154 non
619 4105 663 4154 ha·
691 4103 756 4156 'tort
774 4110 804 4150 ut
822 4098 900 4161 desit,
919 4109 1031 4145 uersum:
1050 4102 1078 4144 nt
1093 4096 1137 4154 rit,
1155 4094 1225 4145 som

133 4177 208 4243 bere,
227 4183 255 4228 et
273 4176 359 4226 versui
371 4176 570 4243 incommodare,
585 4182 664 4235 nesit
700 4192 802 4234 versum
821 4171 1010 4236 verberabitur,
1026 4177 1057 4222 ut
1075 4171 1227 4225 verberetur
