2676 4710
911 105 933 143 Χ

318 338 499 387 rnauuuu
527 338 694 386 uuuuou.
718 337 799 384 ror.
824 337 863 384 rr.
887 338 940 386 so.
963 337 1034 387 ιιιἢ
1127 320 1217 385 1205

116 477 252 528 Bembino
264 486 315 536 cst,
331 481 371 529 vel
383 495 416 530 ex
428 482 510 544 quidni
529 474 592 530 nihil
603 481 650 531 eli·
690 488 754 530 turn.
775 481 905 530 Boeclems.

115 556 208 605 detur.
219 555 279 604 milri
291 564 376 605 autern
395 557 421 604 in
438 572 514 606 unam
526 557 650 621 syllabam
721 562 753 607 44
764 559 885 620 Incuruas,
894 559 1014 617 tremulus,
1024 555 1094 605 labiis
1102 557 1218 617 demissis,

115 631 333 681 contrabendum.
351 632 467 682 Fuimus.
688 635 794 697 gement]
805 635 841 684 Ut
851 634 936 683 omnia
947 634 1069 682 ostendat
1079 633 1106 681 in
1117 640 1218 681 contra·

119 729 123 737 ·
154 713 186 759 87
205 710 256 758 lma
279 709 395 758 enimvero
416 709 553 774 infeliciter]
579 710 652 758 Bene
690 709 755 758 rium
773 710 820 759 sibi
839 724 916 759 versa
931 725 1000 770 esse,
1017 709 1096 759 etiarn
1114 723 1217 758 cursum

116 785 170 834 boc
182 785 337 847 interponit,
355 785 423 850 qnod
441 784 591 834 incredibile
603 790 653 847 est,
691 785 811 834 attribuit
832 786 895 836 seni.
948 785 1029 834 Lobm
1057 790 1119 834 sunt
1141 799 1217 847 snpe-

118 862 262 912 tardiorem
274 861 390 911 futurum
401 868 540 912 amatorem
550 862 651 912 incessu
691 860 775 908 riora:
794 859 865 920 lobia,
884 859 1014 909 inferiora.
1033 859 1113 909 Labra
1133 862 1218 908 asino·

116 938 239 1002 virginis.
258 940 379 988 Donatus.
692 950 745 984 rum
765 935 870 998 proprie
886 936 1016 986 dicuutur.
1053 937 1156 985 Gemens
1173 950 1218 985 an·

100 1046 102 1049 -
154 1019 187 1063 ³8
205 1016 269 1081 Nom
283 1016 426 1063 incommoda
440 1015 489 1064 alio
502 1019 557 1062 saut
573 1014 650 1063 dicea-
692 1016 755 1071 tem,
772 1011 805 1060 ob
824 1013 972 1061 continuam
984 1011 1082 1061 tussim.
1114 1013 1157 1062 Sic
1168 1013 1218 1062 Lu·

116 1089 163 1152 do]
180 1091 248 1141 Quas
259 1090 357 1140 minora
368 1097 428 1140 sunt
443 1091 552 1154 scilicet,
563 1098 608 1140 aut
619 1091 652 1140 si·
691 1088 779 1136 cilius:
798 1086 885 1138 ‘Ante
897 1087 967 1137 sores
986 1095 1071 1137 autem
1083 1097 1109 1137 et
1121 1090 1219 1138 triclini

118 1167 203 1217 milia.
222 1168 297 1218 Idem.
689 1163 777 1212 limina
787 1163 891 1228 quidam
904 1165 1026 1215 Perditus
1043 1165 1143 1215 Tiresia
1154 1169 1218 1216 tussi

80 1282 90 1294 ,,
122 1254 125 1261 ·
153 1247 186 1292 ³9
199 1244 271 1293 Illum
282 1244 356 1306 liquet
366 1243 426 1293 milri
436 1243 551 1308 damme]
564 1243 651 1308 Liqui·
690 1239 993 1303 grandaerusgemebat.'
1010 1242 1131 1292 Douotar.

118 1319 182 1368 dum
199 1326 247 1380 est,
263 1325 380 1369 constans
397 1325 425 1369 et
436 1319 610 1380 minifestum,
624 1327 652 1369 et
723 1315 848 1377 Incurvas]
866 1316 949 1364 Valde
968 1331 1068 1366 curvus.
1101 1319 1145 1367 Sic
1159 1320 1218 1368 Vir·

118 1404 231 1446 certum.
264 1397 299 1444 Et
311 1396 348 1445 sic
359 1397 442 1460 liquet,
462 1411 509 1458 pro
528 1395 651 1460 liquidum
690 1390 775 1453 gilius,
791 1391 910 1439 ‘Turnus
928 1396 957 1439 ut
970 1390 1096 1442 infractos
1107 1392 1218 1442 adverso

116 1479 177 1533 est;
195 1478 224 1520 ut
235 1472 331 1528 claudit,
349 1486 397 1536 pro
414 1471 533 1520 claudum
545 1479 594 1521 est.
614 1473 652 1520 Ut
690 1467 777 1517 Marte
789 1468 895 1517 Latinos
907 1468 1045 1519 Defecisse
1061 1470 1150 1519 ridet?
1177 1472 1220 1520 la.

118 1547 192 1609 apud
214 1547 375 1609 Sallustium,
410 1547 511 1597 ‘Nilril
533 1547 653 1599 socordia
684 1543 857 1604 fractosenim
877 1544 951 1593 valde
970 1544 1066 1595 fractos
1082 1545 1218 1608 significat.

117 1621 281 1672 deridebat!
324 1624 359 1672 Et
380 1628 421 1672 est
443 1624 515 1684 liquet
546 1622 651 1671 verbum
691 1635 750 1670 uam
760 1622 787 1669 irs
798 1623 947 1684 praepositio
959 1637 1026 1671 nunc
1043 1630 1131 1686 auget,
1149 1639 1218 1673 nuuc

111 1698 194 1761 juris,
209 1713 260 1763 quo
282 1698 424 1749 utebantur
445 1698 558 1761 judices,
574 1712 652 1762 quum
690 1696 782 1746 minuit
793 1697 950 1748 dictionem
977 1700 1059 1748 Recte
1079 1699 1156 1748 etiarn
1173 1700 1218 1749 de-

117 1773 222 1837 amplias
251 1775 466 1838 pronuntiabant,
494 1775 652 1823 obscuritate
690 1773 848 1822 formitatem
861 1774 986 1825 describit
996 1776 1074 1837 senis,
1092 1777 1136 1839 qai
1154 1791 1221 1839 prae·

118 1850 242 1898 commoti
255 1864 339 1898 causae
351 1849 444 1912 magis,
460 1864 536 1913 quam
554 1851 652 1913 negotii
691 1856 731 1898 ter
743 1858 847 1898 aetatem
866 1857 926 1913 post
942 1852 1076 1915 pulchram
1095 1853 1220 1913 virginem

119 1924 300 1988 simplicitate.
326 1925 454 1987 Dejerarc,
464 1925 540 1974 valde
546 1926 652 1989 jurare:
690 1924 783 1975 foedior
801 1927 945 1976 ridebatur.
978 1928 1014 1976 Et
1031 1942 1107 1991 quam
1124 1927 1219 1991 impor-

119 2005 151 2048 ut
171 2000 285 2061 demiror,
306 2007 335 2049 et
349 2001 430 2049 deamo
450 2007 474 2048 tc
492 2000 562 2064 Syre.
584 2002 653 2050 side
690 2011 753 2053 tune
776 2003 880 2052 omnia?
896 2017 943 2067 pro
965 2003 1062 2067 puella,
1078 2018 1158 2052 senex
1176 2017 1219 2053 oc-

118 2075 250 2138 prodnrta
272 2075 376 2138 legeris.
393 2077 415 2125 si
434 2084 564 2141 correpta,
581 2078 652 2128 Deos
690 2080 787 2129 currit:
806 2094 852 2142 pro
864 2079 1112 2142 virgineincurrus,
1123 2087 1220 2129 tremu-

114 2152 208 2216 jarare
219 2151 381 2214 intelligitur.
398 2153 474 2202 Idem.
690 2157 747 2204 lus:
766 2171 814 2220 pro
827 2154 941 2218 pulchra,
952 2155 1027 2204 labiis
1039 2154 1165 2217 demissis,
1175 2169 1220 2217 ge·

153 2227 312 2294 hieratio]
328 2228 438 2293 Liquido
448 2229 537 2291 jurare
549 2229 651 2293 possim.
690 2247 777 2281 mens:
796 2239 824 2280 et
845 2247 904 2280 cum
927 2238 1026 2281 amator
1046 2233 1088 2294 sit,
1107 2231 1218 2281 inaniter

120 2305 265 2354 Farnobium
690 2306 850 2356 adolescenti
867 2307 924 2370 ipse
939 2306 1067 2370 judicium
1086 2306 1216 2369 loquitur:

153 2385 186 2431 40
210 2382 325 2430 Prorsam
348 2397 395 2431 noa
416 2382 503 2430 oidmse
522 2378 652 2445 proximis]
690 2382 750 2432 dum
784 2381 958 2432 festinandum
986 2382 1030 2442 sit,
1064 2389 1217 2430 remoratur.

119 2455 192 2508 Quia
202 2470 252 2504 non
265 2456 363 2506 vidisse
372 2457 440 2506 dixit
450 2457 573 2519 pronioris,
584 2471 651 2520 prae·
690 2458 764 2506 Idem.

118 2531 208 2580 teritis
228 2531 405 2595 intelligimus.
430 2533 564 2582 -Proxima
583 2533 651 2583 enirn
723 2531 806 2582 labiis
816 2529 936 2593 demissa]
946 2531 1049 2594 Majora
1057 2530 1139 2594 labra,
1149 2531 1218 2580 unde

120 2606 196 2656 nobis
215 2615 261 2657 aut
273 2608 417 2670 preterita,
429 2614 474 2656 ant
484 2607 573 2660 futura
584 2616 651 2658 suut.
688 2608 802 2658 labeones.
835 2608 888 2657 Alii
898 2607 961 2656 labio
970 2605 1103 2664 iuferiora,
1115 2613 1142 2658 et
1153 2608 1219 2657 labra

120 2698 182 2733 nam
204 2685 343 2747 praesentia
365 2697 396 2733 ea
418 2690 487 2746 sunt,
508 2684 534 2732 in
559 2684 652 2748 quibus
688 2687 832 2748 superiora.
852 2686 927 2735 idem.

119 2773 190 2808 nuuc
202 2773 296 2807 sumus.
313 2759 432 2810 Dromas.
721 2767 753 2811 45
771 2762 849 2820 Heus,
871 2762 936 2822 beas,
960 2760 1006 2810 tibi
1025 2759 1087 2817 dico.
1108 2758 1218 2822 Clraerea]

121 2864 124 2869 -
152 2838 185 2884 41
204 2835 261 2884 Nisi
279 2849 429 2898 aamercort
448 2834 651 2899 minimeoeliem]
689 2836 746 2886 Tibi
761 2837 824 2895 dico,
842 2838 948 2898 Chaerea,
963 2850 1015 2884 nou
1032 2834 1152 2896 adderet,
1168 2835 1219 2883 nisi

120 2910 191 2961 Quia
201 2925 304 2974 semper
322 2911 402 2974 nolui,
421 2911 480 2961 ideo
499 2925 567 2961 nunc
577 2911 653 2960 mini·
689 2913 790 2963 videret
800 2913 934 2962 Chaeream
943 2911 1146 2960 dissimulantem
1154 2924 1220 2973 prae·

118 2989 173 3044 meg
191 2992 283 3050 utpote
301 2987 452 3038 adolescens
463 2983 560 3040 denam.
576 2989 652 3039 Idem,
691 2988 781 3037 terite.
799 2989 875 3037 Idem.

123 3091 126 3097 ·
154 3064 301 3128 Minimeque
321 3080 381 3128 opus
398 3065 463 3129 fait]
488 3067 564 3130 Saepe
585 3067 652 3115 enirn
723 3063 800 3122 Hcas,
817 3061 871 3125 aa]
888 3059 1005 3108 Advorte
1023 3056 1130 3108 tedium
1150 3058 1218 3108 senis

120 3135 241 3188 nolumus
265 3146 374 3202 tantum,
394 3150 463 3192 nunc
487 3142 565 3192 etiam
587 3155 652 3204 opos
690 3137 823 3187 Chaeream
855 3135 1021 3185 festinantem
1057 3136 1218 3185 remorantis.

120 3228 174 3264 nou
187 3224 238 3264 est.
257 3216 332 3265 Idem.
689 3215 831 3266 Farrrabisrs.

122 3304 127 3326 ³
154 3295 186 3341 43
206 3293 284 3348 Quam
294 3295 364 3354 longe
373 3292 477 3357 paidom]
495 3296 566 3344 Reae
585 3296 653 3356 louge
722 3292 816 3356 lnquit]
840 3290 927 3340 Aliter
947 3290 1026 3354 inquit
1051 3292 1219 3355 pronuntian-

121 3366 204 3417 dixit:
218 3370 278 3434 quia
289 3387 304 3419 a
314 3373 384 3432 longe
395 3384 446 3419 non
456 3371 542 3434 potuit
554 3371 652 3420 dicere.
689 3368 751 3418 dum
762 3377 813 3432 est,
826 3369 875 3417 hoc
886 3375 937 3427 est,
956 3367 1096 3417 concitate.
1109 3382 1167 3416 nam
1178 3382 1218 3416 se·

121 3444 652 3510 ansubauditurerat,utsit‚quamlonge
689 3445 730 3494 uis
753 3445 833 3493 rerba
861 3443 937 3493 aliter
967 3442 1123 3507 proferenda
1150 3450 1218 3495 sunt.

121 3523 197 3571 erat?
214 3523 288 3573 Idem.
689 3521 808 3571 Donatus.

126 3621 130 3630 ·
157 3599 236 3655 Quam
246 3601 316 3661 louge
327 3597 433 3661 quidem]
449 3597 473 3646 A
490 3598 567 3661 louge
581 3595 653 3655 τηλό·
721 3602 754 3647 46
771 3596 836 3646 Scia'
846 3595 913 3660 ‘mid
930 3610 973 3657 ego
991 3601 1015 3645 te
1034 3593 1148 3658 sabbam]
1166 3595 1219 3646 Hic

121 3679 171 3725 θεν.
189 3675 331 3724 Famalrias.
690 3673 836 3725 ostenditur
847 3674 935 3723 odiosa
947 3671 1056 3722 tarditas
1064 3671 1142 3733 senis,
1151 3671 1219 3732 apud

157 3756 189 3801 43
207 3759 236 3801 et
245 3752 312 3816 serp]
329 3751 400 3801 Nota
415 3749 510 3812 figuras
524 3764 654 3812 πραγματι-
689 3748 856 3799 festinantem
866 3750 1005 3799 Cbaeream.
1017 3763 1073 3797 nam
1084 3761 1135 3795 non
1146 3746 1221 3811 dicit,

122 3827 167 3879 ads
183 3842 232 3891 per
248 3826 345 3889 μίμησιν
355 3835 383 3876 et
394 3823 534 3874 διατύπωσιν
545 3839 598 3873 rem
611 3839 654 3873 ac·
691 3824 735 3873 sed
749 3825 876 3887 promittit
888 3840 915 3873 se
927 3824 1067 3873 dicturum.
1084 3824 1158 3872 idem.

123 3913 214 3956 curate
233 3905 405 3954 exhibentes:
423 3909 477 3950 tum
501 3899 654 3949 narrationis
724 3900 899 3948 Crasestmilsi
912 3897 1041 3960 judiciam]
1058 3898 1126 3948 Huic
1141 3913 1219 3948 moras

123 3981 234 4032 comica
256 3980 388 4037 lrabitum;
416 3976 449 4025 de
477 3990 529 4039 quo
551 3974 654 4036 saepirrs.
691 3975 769 4024 etiam
788 3975 851 4023 illud
873 3973 1222 4038 additumqnodquumde·

125 4060 194 4109 senis
223 4059 358 4118 adrentus,
387 4068 514 4116 accessus,
544 4051 656 4115 babitus,
691 4050 754 4099 beat
776 4049 863 4098 dicere
891 4046 953 4112 quid
972 4049 1044 4111 velit,
1063 4049 1134 4114 prins
1154 4049 1220 4102 dicit

125 4143 226 4200 gestus,
234 4133 324 4191 oratio,
335 4131 466 4194 mandata,
473 4129 617 4180 cumtaedio
627 4134 656 4178 et
691 4127 759 4192 quod
778 4140 829 4174 non
840 4125 1073 4192 maecenatiana,
1087 4141 1165 4194 quate
1178 4141 1220 4177 re.

126 4211 188 4263 odio
207 4209 294 4263 omnia
314 4207 470 4260 referuntur.
487 4205 547 4262 vide
566 4208 655 4268 Dona·-
690 4204 731 4255 lit.
749 4203 826 4259 Idem.
