2676 4710
362 343 544 391 reunuru
570 344 797 393 uuonuscr.
813 344 853 394 u.
879 304 933 394 sc.
951 347 984 392 v.
1123 330 1221 397 1098

128 511 133 516 ·
155 485 271 533 t'Hodie
279 489 375 534 suarm
384 488 462 548 duas,
478 490 505 533 at
516 485 652 549 dicacule]
689 486 731 550 qui
752 487 831 535 levati
852 487 946 549 auimo,
965 501 980 534 a
997 486 1145 535 summo-ad
1158 486 1222 536 iule-

121 559 190 607 Nolo
206 561 311 622 etzeolo,
325 561 401 609 uimis
411 561 551 623 imperiosa
566 570 594 610 et
611 577 651 610 su-
689 563 759 612 riura
769 562 899 612 labuntur.
936 563 1026 624 Uerre,
1040 562 1090 610 hoc
1100 568 1152 625 est,
1168 577 1222 612 rua·

120 634 209 696 perba
226 635 303 685 dictio
320 642 375 686 est:
396 643 424 684 ut
446 636 518 697 alibi,
541 637 652 686 ‘Pisces
689 637 811 686 triruouio
821 653 851 686 ae
860 637 970 700 nuptiis.
989 639 1108 687 Donatus.

120 719 236 760 caeteros
247 713 451 774 purgum-Dromo.
477 714 606 775 Congrum
618 716 652 762 is·
696 752 700 762 .
724 714 805 762 Uerre
816 713 917 775 excidit]
930 713 1007 765 Quod
1020 712 1222 776 Graecidicunt,

121 791 182 834 tum
192 787 338 836 maximum:
348 788 373 836 in
393 802 459 852 equa
470 788 549 837 sinito
560 788 651 838 ludere
689 786 796 850 ἐξέπεσον
806 789 845 837 eal
855 787 984 852 ἀπέονχεν.
1002 789 1080 839 Idem.

108 861 275 924 Paulisper:
293 863 338 911 ubi
348 877 398 927 ego
409 878 513 924 uenero,
523 864 653 915 exossabi·
721 866 833 929 Eueidit]
849 864 970 927 Ἔξέποσε,
980 863 1104 925 dumne·
1112 872 1146 914 ut.
1153 880 1221 914 euos·

121 937 457 991 turrPriusuola.'1dem.
688 940 940 990 scenderedicimus.
958 940 1100 990 Famuline.
1149 961 1153 966 ’

128 1030 132 1054 τ
156 1017 171 1061 8
188 1013 261 1062 Nune
271 1014 433 1076 aedroeporti
450 1013 584 1077 timeo]-0.
594 1013 650 1062 lere
721 1024 752 1068 14
766 1019 869 1067 Nullane
880 1019 906 1066 iu
916 1032 942 1065 re
952 1031 1000 1066 essa
1011 1017 1101 1066 ioruiui
1111 1019 1221 1080 euiqmm

118 1089 174 1137 les.
192 1089 230 1138 ita
249 1088 389 1151 collocant,
404 1103 465 1149 uuae
480 1095 566 1138 sortroe
579 1090 651 1140 timeo
679 1093 767 1157 fidem]
785 1095 844 1143 Nou
856 1094 882 1142 iu
894 1094 1069 1157 nullis-terris,
1080 1094 1124 1143 red
1135 1109 1220 1159 neque

115 1164 195 1228 parti.
211 1165 334 1215 Faernus.
532 1213 536 1220 ,
688 1171 714 1218 iu
724 1170 809 1232 terris,
819 1184 903 1234 neque
913 1171 939 1218 iu
951 1184 1077 1233 persona:
1091 1169 1220 1234 utVirgil.

154 1247 170 1291 9
190 1243 293 1306 Usquam
308 1243 356 1292 erit
374 1241 400 1290 im
418 1256 455 1291 me
470 1240 547 1304 mora]
565 1243 650 1291 Recu-
686 1247 835 1311 ‘Nusquam
846 1252 904 1296 tuta
915 1245 979 1295 fides
988 1245 1081 1294 :'-cum
1096 1247 1122 1293 in
1132 1260 1220 1296 amors

106 1318 202 1368 dantis
213 1319 358 1383 est'magie,
373 1333 510 1384 quam-uon
522 1319 649 1368 volentis:
686 1320 771 1378 fracte
789 1328 859 1372 esset
880 1322 914 1370 ab
933 1336 974 1384 eo,
990 1321 1220 1373 ‘Quem-subiisse

118 1396 256 1444 consensio
272 1411 303 1444 ea
320 1396 406 1459 segnis
417 1409 448 1444 ac
461 1395 561 1458 tepida,
571 1396 592 1444 si
605 1409 650 1458 pe·
686 1397 797 1446 humeris
808 1395 959 1445 conlectum
971 1403 1050 1446 estate
1059 1396 1219 1459 parentemi'

117 1470 362 1521 nituscousideres.
380 1472 499 1520 Donatus.
687 1471 757 1520 Alibi
769 1471 917 1533 Terentius,
933 1472 941 1498 ‘
955 1472 1036 1535 Cujus
1053 1479 1081 1519 tu
1099 1471 1220 1522 fidem-in

153 1545 230 1608 Hem]
245 1547 386 1597 Perculsus
399 1547 448 1594 hoc
464 1546 536 1595 dicto
547 1546 653 1609 Byrria,
687 1547 800 1608 pecunia
817 1546 990 1609 perspexeris,
1001 1548 1100 1596 Verere
1118 1547 1142 1595 ei
1154 1563 1221 1597 rer·

116 1621 410 1685 ‘unterJeeetonemagis‚
426 1636 503 1684 quam
515 1622 595 1670 verbo
607 1636 652 1670 ex·
688 1621 722 1670 ba
740 1620 864 1670 credere?
880 1621 923 1670 ubi
942 1622 1003 1686 qnid
1014 1622 1076 1682 mihi
1087 1621 1220 1673 lucri-est

116 1697 253 1746 clamavit.
268 1697 343 1745 Ideur.
520 1743 523 1750 ,
688 1699 724 1747 'l'e
735 1697 854 1746 fallerei’
871 1697 991 1748 Donatus.
1217 1728 1221 1735 ·

155 1773 240 1834 Neque
249 1772 321 1820 istlrie
335 1787 407 1835 reque
424 1773 482 1821 olibi
500 1787 595 1834 murium
606 1773 652 1822 tibi
712 1776 823 1826 vNullane
841 1775 868 1823 ia
888 1790 915 1824 re
933 1791 983 1826 esse
1001 1775 1091 1828 mmsis·
1109 1775 1219 1839 cuiquam

114 1849 167 1897 erit
178 1849 204 1897 iu
216 1847 336 1910 memora]
346 1849 484 1902 Donatus:
501 1850 508 1875 ‘
520 1850 650 1903 liecusau·
679 1848 768 1914 fidem]
783 1852 917 1900 Donatus:
936 1853 945 1882 ⁴
957 1852 1026 1914 Non,
1039 1853 1065 1900 in
1076 1853 1219 1902 nullister·

115 1926 393 1991 tis.estmagis,quam
405 1926 650 1989 nonvolentis,'&c.
687 1924 742 1988 rir‚'
762 1932 810 1976 Cre.
849 1926 884 1975 'ri
903 1927 1025 1990 αὐξητικὸν
1046 1929 1090 1987 τῆς
1110 1925 1219 1992 uptam

117 2000 517 2052 Nou'debuittammanilestnm
527 2002 650 2068 mendum
685 2011 778 2052 notare
802 2003 899 2054 voluit:
925 2006 1042 2069 quodet
1061 2005 1150 2055 uerbis
1164 2005 1218 2056 fre·

117 2078 203 2127 adlrue
215 2078 328 2128 tolerari.
356 2078 427 2141 Lege
439 2077 558 2126 omuino:
571 2079 578 2106 ‘
589 2078 649 2127 Non
687 2085 843 2141 quentatur:
860 2081 954 2130 sauine
966 2083 992 2131 iu
1006 2096 1032 2130 re
1038 2098 1048 2140 ,·
1066 2087 1094 2130 et
1104 2095 1163 2130 mox
1175 2081 1216 2130 lis-

117 2155 263 2204 recusuntis
274 2164 316 2204 est
330 2154 411 2217 magis
424 2163 510 2217 quam·
519 2152 649 2215 uolentis,’
684 2154 745 2203 mirri
755 2155 861 2205 additur
871 2154 900 2203 ri
910 2158 1026 2220 cuiquam.
1043 2156 1187 2207 Boeelerus.

116 2233 168 2279 dre.
202 2230 370 2280 Putoautem
387 2228 420 2278 de
436 2234 537 2290 cetero,
555 2228 649 2278 Gram·
719 2235 749 2279 1⁵
768 2231 832 2278 Illud
850 2231 956 2295 omium]
982 2232 1086 2293 Id-est,
1110 2246 1216 2294 proser-

116 2305 242 2355 maticum
269 2307 311 2355 tric
338 2307 505 2366 λεπτολογεῖν·
532 2319 593 2352 nam
616 2305 649 2353 de
686 2305 755 2354 bium
779 2314 807 2354 et
829 2307 972 2356 sententia:
999 2313 1026 2355 et
1048 2307 1086 2355 sic
1113 2313 1217 2356 ueteres

116 2387 207 2430 mente
216 2383 319 2445 quidem
328 2382 519 2445 Pamphilinon
531 2380 649 2444 estquod
685 2380 780 2429 serium
791 2395 838 2443 pro
848 2381 986 2434 sententia.
1004 2381 1125 2429 Donatus.

118 2457 235 2514 dicatur:
253 2472 294 2505 res
306 2457 375 2506 euim
387 2456 549 2512 dubitatione
561 2465 649 2507 ceretu
720 2460 752 2504 16
778 2457 865 2504 Omuer
886 2455 933 2503 silei
953 2453 1047 2516 melius]
1073 2455 1117 2504 Sic
1134 2454 1220 2518 ¹alibi,

117 2530 202 2582 forma
224 2533 459 2582 autemuratiouis
487 2534 591 2595 plenam
621 2541 649 2583 et
686 2531 876 2580 Proximussum
887 2537 977 2592 egomet
988 2531 1056 2581 milri.
1067 2530 1150 2581 Idem.

117 2615 247 2672 promtam
264 2609 481 2658 asseverationem
498 2608 594 2668 habet;
612 2609 648 2656 id·
720 2608 808 2656 Omnes
825 2606 871 2656 sibi
895 2607 978 2657 melias
997 2607 1066 2658 mo&
1082 2623 1217 2672 essequam

118 2701 170 2750 que
187 2693 215 2734 et
230 2683 347 2745 οἰκονομία
361 2684 503 2748 poscebate
520 2698 570 2748 qus
586 2700 647 2736 eon·
684 2686 766 2748 alteri]
785 2687 892 2735 Nullum
912 2685 968 2737 fers
987 2687 1080 2737 librum
1100 2687 1217 2738 iuvenior

116 2763 236 2817 stitutum
248 2769 315 2823 erat,
324 2768 354 2810 ut
365 2761 464 2811 diceret
472 2774 499 2810 se
508 2760 647 2809 ducturum
684 2762 732 2818 hae
745 2761 916 2811 collocatione
933 2762 1082 2827 uerborum,
1096 2755 1142 2812 sed
1162 2765 1217 2827 pla·

116 2850 235 2887 uxorem.
268 2837 319 2884 Sed
332 2843 359 2884 et
370 2835 432 2884 alibi
450 2836 500 2884 hoc
514 2849 594 2898 genus
611 2837 648 2884 lo·
685 2850 778 2902 rosque
801 2851 831 2885 ea
860 2853 919 2901 qum
950 2837 1018 2886 infra
1042 2839 1141 2902 scripta
1163 2849 1216 2903 est,

116 2913 229 2961 cationis
246 2912 378 2962 indubiam
394 2912 488 2975 promti
505 2911 583 2960 animi
598 2912 647 2975 sig·
686 2913 772 2961 Omnes
782 2913 829 2962 silei
839 2928 888 2962 esse
899 2914 1076 2970 meliasmalle,
1094 2929 1163 2976 quarn
1178 2918 1215 2964 ul-

115 2989 293 3048 uilicationem
304 2990 390 3037 habet.
407 2989 534 3043 Boeclerus.
684 2990 739 3058 teri.
765 2989 909 3039 Vaticanus
918 2996 945 3037 et
957 2985 1128 3049 Basilicauus,
1138 3003 1216 3038 omues

124 3104 130 3110 .
152 3069 183 3114 1⁰
202 3064 433 3127 Obmutait],Simo.
451 3063 592 3114 Foruabius.
683 3063 728 3112 sibi
740 3066 809 3112 malle
820 3065 903 3113 melius
917 3078 967 3112 esse
978 3065 1151 3127 1(μοιηιοῑέιτί,
1167 3079 1215 3117 nu·

153 3142 218 3198 Quid
228 3140 304 3205 dixit]
321 3141 392 3190 Nota
411 3140 452 3190 hic
470 3140 648 3205 Byrriaper-
683 3154 755 3190 mero
768 3141 845 3190 etiam
856 3140 972 3191 meliore.
989 3141 1107 3192 Fo'e'rrras.

118 3225 344 3281 sonumquartam,
361 3217 406 3270 sed
426 3231 478 3266 uon
492 3215 651 3270 *admixtam*
718 3216 805 3263 Omnes
826 3214 872 3263 sili
891 3215 959 3268 meede
977 3217 1061 3265 melius
1079 3232 1127 3267 esse
1144 3233 1215 3281 qaum

113 3297 239 3351 penaeas.
682 3294 765 3357 alleri]
783 3293 823 3342 Ex
847 3293 972 3356 Euripide
991 3295 1089 3357 repetit
1111 3305 1215 3345 senteu-

151 3372 181 3418 11
194 3369 272 3424 Quum
279 3369 416 3431 istuc,quod
425 3370 525 3430 mutulo,
536 3368 648 3432 impetro]
684 3370 747 3417 tiam
759 3369 855 3418 Petrus
866 3368 997 3418 Victorius
1014 3369 1041 3418 in
1053 3370 1088 3419 V.
1099 3371 1214 3420 hadde

117 3445 389 3510 Nimisobsequeuter
401 3445 502 3493 locutus
512 3452 553 3495 est
562 3453 647 3508 pater.
683 3445 782 3496 Erasm.
792 3446 819 3494 in
831 3445 895 3495 Chii.
929 3446 997 3494 Nam
1010 3446 1036 3494 in
1046 3445 1143 3495 Medea
1155 3446 1214 3494 Ρω-

116 3524 154 3574 Et
175 3524 275 3586 postulo,
299 3536 345 3584 pru
362 3521 458 3584 jubeo:
484 3527 512 3570 et
535 3520 648 3584 Impetro,
684 3521 777 3585 dagogi
797 3535 882 3571 versus
901 3521 962 3572 ille:
979 3521 1010 3570 ὥς
1027 3521 1072 3568 ries
1088 3537 1124 3569 τις
1143 3519 1214 3570 αὑτὸν

116 3605 330 3664 procuretqueo.
364 3597 473 3657 Postulo,
487 3596 560 3659 juste
578 3597 645 3647 uolo.
682 3598 726 3645 τοῦ
744 3594 818 3646 τέλος
834 3598 929 3657 μᾶλλον
947 3597 1021 3659 φιλεῖ,
1036 3598 1079 3660 qui
1100 3611 1115 3645 a
1133 3597 1212 3647 Scho·

114 3677 237 3727 Petimus
262 3676 330 3724 enim
353 3673 484 3737 precario:
511 3673 647 3722 Posuimus
683 3672 758 3721 liaste
775 3673 870 3721 Graeco
887 3670 1134 3735 σοίχοςποροιμιώδης
1149 3671 1213 3721 diei·

72 3787 91 3811 ,-
115 3753 273 3816 imperiose:
289 3752 456 3801 Postuiamus
468 3750 536 3813 jure.
570 3748 647 3810 Impa-
684 3748 873 3798 tucheelerus.
931 3806 934 3813 ,
1277 3808 1283 3811 ἡ

115 3834 165 3888 tro,
183 3842 230 3890 pro
242 3841 300 3875 cum
311 3826 457 3887 impetrem.
474 3824 549 3873 Idem.
716 3824 805 3872 Melius
815 3837 874 3884 esse,
882 3835 950 3884 quam
960 3820 1044 3883 alteri]
1054 3821 1105 3869 Πᾶς
1113 3837 1150 3868 τις
1161 3818 1213 3868 ἑαυ-

125 3951 128 3958 ,
151 3907 182 3952 12
199 3901 257 3950 dium
275 3900 355 3962 ueras]
379 3898 412 3949 Id
432 3905 481 3960 est,
502 3897 645 3949 veridicus:
682 3896 725 3946 riv
744 3899 837 3958 μᾶλλον
858 3898 901 3945 τοῦ
921 3894 996 3944 πέλας
1018 3897 1092 3957 φιλεῖ.
1122 3895 1212 3958 Eurip.

116 3985 147 4027 ut
157 3978 248 4039 salsus,
265 3991 312 4040 pro
323 3975 465 4024 falsidicus.
481 3976 555 4024 Idem·
683 3975 786 4025 Medea
818 3975 887 4023 Φιλεῖ
906 3975 927 4021 δ’
944 3973 1124 4022 ermentrudae
1139 3973 1214 4036 οὐδεὶς

126 4096 129 4100 .
149 4054 210 4103 Sum
229 4052 309 4115 serus]
332 4051 391 4102 Hoc
411 4051 501 4100 Dauus
522 4051 648 4100 submissa
683 4049 772 4100 οὐδένα.
790 4048 940 4098 Menander.
958 4049 1098 4099 Furuubius.

117 4143 194 4189 voce,
225 4143 367 4184 conversus
402 4127 435 4176 ad
471 4129 647 4192 Pamphilum.
716 4131 746 4176 17
765 4127 818 4187 Ego
835 4125 902 4175 illum
919 4123 982 4187 uidi]
1001 4125 1053 4175 Hic
1074 4121 1213 4191 corrigitur

114 4204 262 4262 Furmiius.
685 4203 803 4265 aPoita,
819 4202 887 4269 quod
907 4215 956 4267 per
973 4202 1132 4252 iracundiam
1144 4205 1212 4252 dixit
1235 4237 1237 4242 «

146 4281 235 4346 Vm
244 4278 346 4344 metuis]
363 4259 647 4350 cmmem'dicumm,
683 4281 845 4348 Pamphilus,
861 4278 1104 4347 ‘Aliquidmonstri
1121 4273 1212 4356 piant?
1278 4274 1283 4286 ‘
