2676 4710
114 360 294 411 ruuuumr
319 352 637 408 ursorurrrruon.
661 349 745 408 sor.¹
767 361 801 408 v.
824 362 878 411 sc.
903 362 944 411 ιι.
1003 332 1098 415 tere

96 501 219 565 :primum
231 478 523 549 inhominom's'tultnm
561 499 630 550 dotls
650 499 768 551 tntaudm
788 514 818 552 ae
838 500 1016 568 dispensandos
1028 516 1091 554 cura

96 578 127 639 it,
140 577 166 626 in
177 579 328 627 meretrices
340 584 365 627 et
376 578 523 640 eleampro·
562 575 595 625 ad
617 577 737 628 meritum
758 577 856 628 dotatae
876 580 1010 644 pertinet:
1039 595 1090 646 quo

96 653 217 717 uiuroque
230 654 352 716 temporis
364 654 460 702 undum
479 651 525 701 do·
562 652 699 716 eleganter
709 653 788 704 etlam
796 655 866 705 valet
875 654 905 704 ri
915 656 1058 707 committere
1068 663 1092 706 et
1180 678 1182 685 ·

96 731 171 794 pelli!
195 730 274 779 ‘list'
286 729 318 780 εἷς
333 727 471 794 παραπλῆγ’
485 728 524 778 lv·
561 731 663 779 maere.
694 730 855 796 Eugraplrlus
865 746 916 782 uon
933 732 1036 783 uidetur
1053 749 1092 783 sa·

105 805 216 857 ιῖσελθὼν
232 806 308 869 τύχω,
317 806 426 871 ulpiam
436 805 474 856 rol
485 804 525 856 rd-
563 807 596 856 tls
607 806 709 870 cepisse
719 809 772 857 viru
782 806 889 872 ordinis,
906 822 964 859 oum
972 809 1093 872 proximor

95 883 301 949 εφοβεβλημένος,
329 884 417 946 rupeis
445 882 526 948 θύραζ’
562 883 689 946 explicat.
705 883 835 933 Boeclerrrs.

95 963 149 1011 vir
167 963 250 1026 ᾰκαρεῖ
265 961 350 1026 χρόνῳ.
383 962 436 1011 Ubi
447 962 525 1012 Sciro—
596 960 742 1025 Proxuma]
755 960 1092 1025 Haeredes,sororerutuam

96 1043 170 1087 retus
182 1039 298 1087 erudite:
322 1037 428 1096 Ἀληθῶς
445 1035 492 1100 γὰρ
511 1035 527 1095 ἡ
565 1046 592 1090 et
603 1040 724 1091 maritum
736 1042 800 1106 ejus,
812 1041 930 1092 levirum.
948 1041 1093 1092 Famuline.

111 1112 328 1177 ηρατεπληγμένη
347 1114 399 1164 ἐστὶ
431 1112 527 1164 διάνοια.
599 1121 629 1167 ll
647 1116 686 1166 lot
699 1122 747 1166 lstoe
764 1117 876 1167 tlullt'lt'rs
896 1116 929 1165 stt
945 1116 1096 1182 presidium]

95 1205 131 1240 rt·
566 1192 643 1243 Circa
654 1194 749 1245 rictum
759 1199 836 1259 atque
845 1193 985 1244 restitum:
1003 1200 1029 1242 et
1040 1201 1094 1242 tec·

95 1280 127 1316 ιιι
148 1268 225 1315 urimo
248 1267 344 1331 mulcro]
366 1264 528 1330 Negligeutl,
567 1277 621 1319 tum
637 1270 732 1320 habeas
750 1276 844 1335 quote
862 1269 981 1333 recipies.
998 1269 1095 1330 Bagra·

104 1341 221 1392 futurum
233 1343 414 1406 prospicientl,
426 1342 471 1391 sed
483 1356 528 1391 vo·
564 1346 642 1409 plius.

95 1434 112 1470 ιι
129 1428 273 1484 praesentes
294 1420 392 1470 hebere
413 1420 529 1484 potiores
598 1420 650 1484 liu]
666 1418 744 1484 Apud
754 1419 819 1471 illos.
838 1419 981 1472 Farnobium

94 1500 168 1549 utilia
184 1501 211 1548 in
228 1507 361 1564 posterum
373 1506 400 1548 et
412 1499 528 1548 honesta.
599 1501 631 1547 tt
649 1497 756 1554 Qsidss't
774 1498 865 1561 ulmo]
886 1498 948 1549 Vere
962 1496 1049 1556 niuem
1067 1502 1097 1548 ot

95 1590 114 1627 ι.
138 1583 189 1625 aot.
204 1591 231 1625 v.
252 1591 289 1626 sc.
301 1580 325 1626 o.
353 1574 529 1625 ‘Omissiores
568 1580 620 1623 act.
632 1587 654 1623 1.
664 1588 701 1625 sc.
714 1579 738 1624 1.
757 1573 886 1625 Boeolsrss.

110 1653 255 1703 Famuline.
601 1649 667 1706 Quin
685 1649 719 1699 sit
740 1649 831 1713 nieme]
848 1649 995 1704 Secundum
1018 1649 1096 1701 ratio·

95 1729 165 1779 sorio
181 1729 209 1777 in
219 1729 360 1793 protentio]
376 1729 414 1779 Ut
426 1735 528 1778 tantum
567 1739 626 1775 nem
645 1731 673 1775 et
691 1727 824 1790 virtutem,
834 1741 891 1791 qum
909 1739 972 1774 vera
982 1725 1098 1776 estvlta.

94 1800 138 1855 rti's
149 1806 286 1870 cogitares,
295 1819 378 1871 neque
389 1803 528 1854 defuturis
568 1800 720 1852 Lactantius
731 1802 751 1850 1.
762 1815 805 1851 ιιι.
815 1817 839 1852 c.
851 1806 892 1857 18.
924 1803 933 1831 ⁴
946 1801 1039 1852 Nonne
1049 1801 1097 1866 lgi-

98 1894 211 1945 gereres.
227 1881 390 1944 Eugroplsim.
569 1885 612 1926 tur
629 1890 704 1927 verus
715 1877 761 1927 ille
778 1884 807 1928 et
823 1879 967 1929 communis
985 1878 1097 1929 omnium

94 1956 132 2008 lli
140 1957 230 2021 mouit]
248 1957 316 2010 Quia
327 1956 529 2022 primoribiuon
569 1958 645 2016 pater
659 1953 844 2004 Terentianum
860 1954 924 2004 illud
937 1955 997 2020 jure
1013 1956 1097 2004 lucre·

94 2032 163 2083 dare.
195 2034 255 2083 Hoc
270 2034 338 2083 enim
356 2035 479 2098 optimum
488 2040 529 2083 est
569 2029 680 2094 paverit,
690 2030 935 2096 ‘Priusdlscequid
946 2031 980 2082 sit
990 2028 1099 2081 vlrere’

94 2108 160 2171 lbus,
184 2125 287 2175 semper
309 2109 367 2158 liliis
389 2111 456 2159 bona
477 2116 528 2160 tra·
568 2106 712 2157 Famuline.

102 2186 155 2236 Sed
173 2189 220 2237 lroc
237 2202 295 2236 cum
312 2187 374 2236 mihi
384 2201 437 2236 uon
448 2187 528 2236 licue·
600 2187 634 2232 19
650 2182 725 2246 Inoo]
735 2181 937 2235 Moriendivoto
949 2189 1097 2249 atquecou·

94 2264 189 2313 roximo
211 2263 258 2314 tibi
280 2264 322 2328 qui
349 2271 406 2312 erat
425 2262 535 2326 tradidi,
568 2257 633 2307 silio.
650 2258 726 2316 Iden.

94 2348 121 2402 rt,
141 2341 234 2403 leviro,
257 2342 300 2405 qui
323 2355 435 2390 sororem
457 2346 528 2391 tuam
599 2336 632 2411 2⁰
651 2332 855 2396 Qwfflhoessm]
873 2331 1040 2381 Sfflffllfflm
1052 2330 1097 2379 (³⁰-

94 2432 203 2468 mrem,
215 2418 293 2467 Mem,
568 2409 631 2458 mini
642 2410 668 2459 iu
680 2423 816 2474 personam
827 2422 899 2458 suam
916 2407 1038 2457 inclinare
1054 2422 1097 2457 cu·

98 2493 176 2542 aemio
193 2492 346 2556 ,sq-immiso]
364 2491 473 2542 comico
485 2505 528 2556 ge.
569 2487 652 2550 pieus,
670 2492 701 2536 ut
718 2484 879 2535 adolescenti
896 2485 978 2549 possit
994 2498 1098 2535 succur-

94 2567 203 2633 oqueudi
222 2582 270 2631 per
280 2565 428 2632 frequentia
439 2581 529 2631 prono.
569 2574 627 2609 rere
638 2577 646 2621 ;
659 2559 804 2624 interponit
814 2560 870 2610 haec
887 2559 976 2610 rerba.
1002 2560 1098 2623 Eugro·

100 2643 142 2693 atr
149 2659 192 2707 per
202 2649 226 2693 te
242 2659 288 2693 nou
307 2644 376 2694 licuit
396 2643 456 2693 mitt
473 2644 531 2693 dore
566 2634 645 2697 ΡΜΝ·

94 2719 195 2783 lprr’rw
210 2720 289 2768 deruit
299 2734 335 2770 sc.
348 2734 390 2769 me
402 2718 474 2781 dare,
485 2725 531 2768 aut
602 2715 643 2762 20.
654 2715 685 2761 21
711 2712 831 2768 th‘tto
848 2719 884 2764 erl
898 2715 1099 2778 promotiom-

98 2795 165 2845 dari.
183 2796 310 2846 Boeoleraa
568 2804 597 2838 oe
607 2789 713 2838 artemo
723 2789 772 2853 est]
789 2791 897 2841 Cornica
916 2789 1009 2853 altino
1025 2804 1098 2839 usur·

96 2870 134 2934 te]
150 2870 208 2920 Tua
225 2871 307 2934 ipsius
318 2871 405 2935 culpa.
426 2869 531 2921 Fornol.
571 2879 632 2930 pate
649 2875 709 2918 sunt
726 2868 782 2917 baee
803 2869 937 2926 vocabula,
954 2869 987 2917 de
1008 2867 1099 2916 ordine

93 2949 141 2999 llil
151 2949 181 2996 od
194 2949 314 3011 proximos
330 2948 376 2998 tili
391 2947 433 3012 psi
448 2952 532 2998 mort:
566 2944 634 3009 juris
646 2958 776 3008 perrerro,
786 2944 819 2992 de
831 2942 1100 3007 preposteraratlouo

92 3025 156 3076 orriri
167 3031 191 3076 el
208 3024 310 3088 credidt]
328 3024 453 3074 Ordinem
467 3024 533 3089 juris
569 3020 709 3070 factorum.
721 3018 851 3068 Boeolerrrs.

93 3109 122 3153 ,te
132 3103 254 3169 exprimit
264 3103 305 3151 bic
315 3116 413 3151 versus.
430 3101 494 3149 Vult
507 3114 533 3149 e·
604 3099 694 3154 Quone
703 3096 818 3160 amentio]
836 3095 871 3146 0.
881 3096 899 3148 l.
912 3110 931 3145 ι.
944 3093 986 3145 hic
997 3095 1097 3169 addunt

93 3179 334 3242 tremesjustisslme
346 3177 428 3227 videri
439 3176 487 3225 hoo
495 3174 533 3225 fa·
569 3175 677 3224 uerbum
687 3181 731 3225 est.
753 3174 875 3224 Faernus.

93 3255 150 3321 {uod
159 3254 212 3303 filio
220 3254 383 3303 minabatur:
397 3259 534 3317 postquam
602 3246 859 3316 mroru1Atl1enls,
871 3248 934 3298 urbe
945 3247 1039 3311 medie,
1050 3248 1101 3298 luit

93 3344 104 3383 u
115 3331 232 3397 potuerit
243 3330 315 3392 dare,
326 3331 370 3395 qui
377 3330 408 3377 'in
420 3328 472 3378 suis
484 3329 535 3378 hae·
569 3343 624 3392 ara,
635 3324 824 3380 Misericordiae
840 3340 923 3387 sacra,
940 3326 1049 3390 asylum,
1066 3323 1101 3373 ad

93 3422 108 3456 s
126 3409 222 3471 primus
241 3412 308 3468 erat,
328 3405 378 3455 sibi
400 3404 533 3470 progredi·
571 3403 641 3471 quod
659 3402 831 3469 confugerent
849 3403 919 3454 cives
938 3400 1034 3462 miseri,
1050 3412 1100 3451 uec

92 3499 99 3532 ι
120 3480 201 3532 fuisse
218 3483 250 3531 ad
271 3481 410 3547 proximos,
429 3481 447 3530 l.
460 3496 484 3532 e.
501 3480 534 3530 ad
570 3497 620 3532 uon
633 3482 711 3532 servi.
739 3478 1100 3545 Ἔχιιγὰρκιιιφηὴνδοῦλος

93 3570 126 3621 ru,
142 3559 210 3608 sicut
227 3564 318 3622 postea
336 3571 374 3608 rs.
394 3561 436 3607 26.
453 3556 535 3620 expli·
570 3557 662 3621 βωμοὺς
689 3560 762 3608 Θεῶν.
805 3556 895 3621 Eurlp.
927 3554 1101 3606 Andromach.

110 3635 160 3684 lllis
171 3635 313 3684 commisisse
324 3648 351 3683 se
360 3639 389 3684 et
399 3634 535 3683 credidisse.
571 3635 705 3686 Plutarch.
715 3636 760 3684 lib.
777 3633 811 3684 de
828 3634 1019 3700 superstitione
1036 3632 1100 3681 dici-

93 3710 138 3762 bue
155 3712 241 3762 verbis
252 3727 303 3761 uon
315 3711 427 3775 simplex
445 3712 482 3761 vis
496 3711 535 3759 iu·
572 3720 614 3761 tor
625 3709 731 3775 φεύξιμος
741 3709 827 3772 βωμός.
859 3709 944 3761 ‘Haec
955 3725 1000 3759 ara
1016 3708 1101 3759 tuebi-

92 3789 192 3839 rrimum
205 3789 320 3854 quidem,
330 3789 436 3839 ommniri
446 3793 471 3839 et
485 3803 535 3838 cre·
573 3795 616 3838 tur
626 3786 732 3838 omnes!
753 3785 865 3838 Hecuba
874 3785 942 3852 apud
953 3785 1026 3848 virg.
1044 3782 1102 3843 AEu.

92 3870 117 3914 rt
137 3865 258 3926 tutanda,
278 3879 311 3913 ne
332 3862 481 3929 prolusione
497 3865 536 3913 in·
573 3878 605 3913 ιι.
626 3862 769 3914 Farnobium

92 3946 116 4003 t,
124 3941 193 4007 quod
205 3943 230 3989 iu
239 3941 387 4004 Clitiphone
397 3942 536 3993 verendum
604 3943 637 3989 ιι·
656 3938 708 3989 Ner
723 3943 868 4002 precatorem
877 3938 983 4005 potoris]
1001 3938 1051 3999 Ne,
1064 3937 1101 3985 iu-

94 4016 200 4079 delnde,
211 4024 240 4066 ut
258 4018 442 4082 dispensanda,
456 4032 536 4084 quan·
574 4017 638 4080 quit,
646 4021 675 4064 ut
685 4014 805 4065 adsolent
815 4010 968 4077 sarri,''vells
978 4021 1006 4066 et
1018 4021 1046 4063 tu
1057 4013 1101 4062 lra-

91 4092 123 4142 ad
149 4094 319 4143 necessitates
344 4092 405 4144 vitae
433 4096 538 4158 attinet,
573 4092 637 4142 bere
656 4097 831 4156 precatorem,
843 4092 887 4156 qui
905 4105 953 4156 pro
970 4096 997 4141 te
1018 4098 1102 4156 roget.

95 4169 318 4234 inclitlphouem·
350 4171 420 4223 Quin
438 4178 465 4223 et
476 4186 536 4222 cou-
574 4167 655 4218 Vobis
666 4167 734 4217 enim
752 4181 801 4217 nou
818 4165 926 4230 irascor,
946 4181 1003 4216 oum
1020 4168 1102 4217 multa

93 4245 169 4297 utde
177 4247 293 4311 pluribus
304 4250 405 4299 locutos
419 4256 468 4314 est,
478 4249 537 4315 qnia
566 4237 707 4298 feceritis:
724 4243 762 4294 lta
778 4256 878 4309 equom
890 4251 930 4295 est
946 4249 973 4293 et
984 4242 1045 4296 milri
1056 4255 1102 4294 ror
