2676 4710
295 346 475 428 rauauun
499 348 617 399 sunu.
639 350 722 399 sou.
746 350 795 414 ry.
818 351 870 400 sc.
896 354 929 399 v.
1072 337 1158 405 1141

55 509 189 571 quaestum
202 505 336 569 Chrysidis
351 507 536 573 meretricium,
550 509 592 558 hio
629 523 714 560 seeuae
727 511 849 562 ostendit.
860 508 928 561 nuno
939 512 1064 575 expendit
1075 513 1155 574 furui-

60 582 141 632 strni.
158 583 291 632 Boeclerus‘e
628 591 701 634 tutem
713 587 793 636 totius
807 589 913 650 negotii,
924 590 978 636 sive
990 587 1156 640 difficultates

98 658 134 707 Ut
144 659 249 722 quimus]
258 662 336 722 zripea
345 660 391 724 γὰρ
399 660 445 724 οὐχ
453 660 483 710 hs
493 659 595 723 θέλομεν
629 661 755 723 objectas,
791 661 894 725 judicio
932 664 980 712 viri
1022 665 1157 727 prudentis

58 733 118 783 ἀλλ’
137 735 168 784 dr
184 733 307 796 δυνάμεθα.
333 738 433 786 ‘vivas
452 748 482 786 ut
501 739 592 800 possis,
630 737 793 787 considerat:
820 739 912 803 primo,
934 740 1001 803 qnod
1027 743 1156 791 communi

60 811 170 874 quaudo
187 812 296 876 nonqnis
312 818 342 863 ut
359 812 442 864 retis!
473 813 592 864 caecilius
629 827 717 862 errore
738 813 887 878 Glycerium
910 816 998 865 hahita
1021 816 1155 879 Chrysidis

58 886 89 935 in
102 886 197 937 Plotio.
214 888 358 939 Faraahies.
628 902 709 948 soror,
725 888 750 937 iu
762 890 923 952 possessione
935 890 1056 940 honorum
1069 899 1156 942 esset:

68 978 70 983 ·
96 967 127 1012 ll
146 963 212 1020 Quae
228 965 381 1030 Glycerium?
396 965 449 1026 jum
468 965 506 1014 hie
524 966 590 1030 snos]
628 981 680 1028 qaoe
700 965 766 1014 idias
787 966 899 1023 fueruat,
928 967 1040 1029 possidet.
1065 969 1156 1033 itaque

60 1039 191 1089 Convenit
212 1041 384 1091 hereditatem
403 1041 591 1106 petenti,'oon-
628 1042 769 1090 communis
786 1042 830 1090 iiia
848 1048 876 1091 et
892 1041 961 1091 fama
971 1049 998 1092 et
1009 1044 1096 1108 opinio
1108 1059 1156 1107 pro

58 1117 135 1165 venit
142 1115 227 1180 judici
239 1116 336 1182 futuro,
346 1118 379 1167 de
391 1119 506 1183 pluribus
518 1119 591 1169 inda·
628 1118 682 1181 ipsa
703 1118 800 1182 stabat,
823 1127 944 1184 tanquam
975 1121 1093 1184 proxima
1112 1121 1156 1170 he-

58 1205 134 1253 gare.
161 1193 231 1258 Ergo
240 1201 311 1244 reete
321 1202 348 1244 et
360 1195 450 1244 ordine
461 1197 591 1260 quesivit,
628 1194 698 1243 rede.
715 1195 809 1244 deiude
827 1192 961 1259 expendit,
978 1210 1052 1260 quam
1065 1197 1099 1244 sit
1111 1207 1157 1260 po·

59 1269 131 1319 Quid
146 1270 268 1332 Chrysis?
285 1271 347 1337 qnid
368 1271 431 1323 ros?
447 1273 508 1338 quid
526 1274 589 1337 Giy·
627 1270 729 1333 regriuo
757 1270 874 1332 arduum,
903 1269 1014 1320 Athenis
1042 1271 1154 1334 litigare,

58 1343 172 1395 cerium?
189 1345 307 1398 Donatus.
367 1342 370 1347 ’
627 1346 695 1410 quod
713 1346 746 1394 ad
762 1355 911 1409 corruptum
927 1347 1085 1410 judiciorum
1104 1362 1156 1397 mo·

63 1456 69 1467 .
92 1425 125 1470 12
145 1422 255 1486 Utinam]
272 1424 350 1473 Nouo
367 1439 462 1488 genere
482 1432 589 1490 exopta·
627 1436 681 1469 rem
698 1428 809 1485 spectat,
821 1436 896 1484 quem
907 1422 985 1470 etiarn
998 1422 1058 1471 aiibi
1071 1422 1155 1472 Poeta

57 1497 158 1547 tionem
168 1513 215 1563 pro
223 1501 360 1562 negatione
369 1503 463 1552 intulit.
472 1502 589 1552 Donatus.
626 1505 715 1546 noster
731 1499 841 1558 κωμῳδεῖ.
864 1497 940 1546 tertio
961 1497 1071 1561 conjicit
1091 1497 1154 1562 (uon

92 1574 169 1624 Hm
189 1577 309 1640 auspicata
331 1577 375 1626 huc
394 1593 431 1627 me
448 1577 540 1642 appeti]
556 1578 588 1628 ld
625 1573 679 1620 sine
691 1569 816 1635 οἰκονομίᾳ,
832 1587 890 1636 qun
904 1573 989 1621 omnia
1000 1573 1025 1621 in
1038 1573 1155 1642 dramate

56 1659 109 1713 est,
135 1652 319 1717 inauspicatos.
349 1653 418 1718 qnod
449 1661 589 1704 non-esses
626 1648 658 1696 ad
671 1647 787 1704 edessem
797 1646 891 1713 refert)
906 1649 960 1712 jam
973 1650 1084 1713 aliquem
1097 1665 1153 1699 esse

57 1725 216 1791 auspicatos.
229 1733 256 1778 et
268 1728 391 1778 usitatum
406 1730 538 1779 veteribus
551 1731 588 1780 sie
626 1723 747 1788 Glycerio
759 1731 909 1787 amatorem,
924 1741 999 1791 quern
1019 1729 1075 1791 ipse
1094 1729 1154 1777 nmi-

56 1802 159 1866 dieere,
176 1803 197 1851 si
215 1803 276 1868 quid
295 1804 431 1868 aliquando
442 1806 518 1856 aliter
529 1821 589 1857 eue-
624 1815 676 1848 cum
686 1799 829 1864 mettim,
841 1809 869 1850 01
880 1802 1030 1865 dtftmt'tms
1049 1804 1069 1852 ⁸¹
1083 1804 1153 1867 judi·

56 1880 150 1942 nisset,
165 1894 240 1944 quam
251 1880 357 1930 veilent.
375 1883 451 1942 idem.
624 1876 666 1924 oio
686 1879 872 1940 experiendum
892 1881 935 1943 sit,
952 1881 1095 1943 designat„
1111 1882 1152 1930 Ex

91 1959 124 2006 la
142 1956 271 2020 Nauqmm
289 1957 477 2024 haetetniisaem
490 1960 585 2022 padam]
623 1951 662 2000 his
678 1952 884 2013 difficultatibus,
902 1956 982 2006 etiam
999 1956 1076 2006 famae
1088 1972 1153 2019 snoe,

56 2031 197 2096 Virgilius:
213 2033 311 2080 ‘Mene
324 2031 417 2083 efferre
430 2035 521 2097 pedem
544 2050 588 2096 ge·
624 2029 695 2092 cujus
718 2032 854 2094 praecipua
876 2033 921 2082 tali
945 2034 1000 2083 viro
1023 2049 1085 2083 eura
1104 2042 1154 2098 est,

56 2109 128 2158 nitor
139 2114 167 2158 te
178 2123 253 2172 posse
265 2109 356 2158 relicto
368 2110 509 2173 sperasti?
544 2111 587 2175 Et,
624 2106 725 2167 metuit,
733 2113 811 2172 atque
820 2108 857 2157 sic
869 2109 901 2158 ad
913 2109 1057 2159 honestatem
1069 2119 1152 2160 trans-

54 2187 158 2236 ‘Ferte
169 2187 244 2235 simul
256 2185 386 2249 Faunique
399 2186 500 2249 pedem,
517 2188 586 2250 Dry·
623 2181 652 2230 it·
693 2181 775 2230 Posse
795 2185 861 2232 enlm
881 2183 938 2232 fieri
960 2185 1006 2245 δὴ,
1028 2193 1057 2234 ¹¹¹
1079 2185 1152 2250 39⁶⁰·

56 2246 172 2326 adesque
191 2261 302 2325 puella!
334 2260 385 2310 Sed
404 2261 493 2311 critici
508 2261 586 2311 adno-
620 2259 711 2320 phouta
724 2267 751 2308 et
767 2261 885 2308 mendicus
900 2261 1015 2310 dicatur:
1032 2262 1076 2325 qui
1093 2277 1150 2310 cum

56 2343 123 2400 tant,
139 2337 248 2387 alieuius
265 2351 322 2386 esse
341 2352 356 2386 a
373 2337 523 2387 charactere
543 2353 594 2403 cog
621 2334 758 2384 excidisset
767 2335 919 2395 suis,aliena
929 2345 1066 2399 appeteret
1075 2337 1150 2386 bona.

55 2413 135 2475 mico,
144 2414 273 2463 tetulissem
281 2402 371 2477 pedem.
388 2413 471 2463 Idem.
622 2409 729 2460 honesta
739 2411 839 2460 oratio:
857 2411 902 2460 sed
916 2412 1000 2461 adhuc
1010 2412 1152 2477 honestior,

49 2536 51 2540 Α
89 2488 585 2552 Tetaiissempedrm]‘Quihueiuhane
622 2487 804 2552 quaseipsum
820 2487 937 2550 judicem
949 2489 1049 2549 metuit,
1065 2503 1150 2553 neque

55 2562 147 2614 nrhem
159 2564 252 2628 pedem
264 2580 390 2631 nunquam
408 2566 476 2615 iutro
493 2567 586 2616 tetuli!
623 2567 655 2613 ab
664 2566 749 2615 animo
758 2579 804 2614 suo
813 2565 954 2628 impetrare
964 2573 1061 2629 potest,
1072 2574 1101 2614 nt
1106 2566 1150 2628 jus

54 2641 294 2692 Menaechmum.
307 2645 378 2692 seh.
395 2641 537 2691 Farnobium
623 2655 695 2691 suurn
718 2651 891 2705 persequatur
912 2658 970 2691 eum
988 2643 1150 2694 incommodo

90 2721 121 2767 14
137 2716 234 2782 Semper
252 2717 316 2766 euim
332 2719 382 2777 eius
400 2718 464 2767 dicte
482 2725 518 2767 est
536 2720 586 2768 heo
622 2718 736 2767 mulieris
756 2718 827 2767 orhm
850 2725 877 2768 et
898 2718 1018 2782 desertae,
1034 2736 1092 2784 quae
1105 2736 1149 2784 pa·

54 2797 127 2856 atque
135 2792 216 2842 hutho
227 2798 263 2843 est
273 2794 350 2857 soror]
369 2793 423 2844 Ant
442 2795 509 2843 veris
529 2810 585 2845 ore·
623 2800 709 2844 rentes
726 2810 785 2844 suos
798 2795 910 2845 noudum
923 2797 1070 2859 reperisset.
1081 2813 1149 2847 surn-

56 2869 169 2919 dendum
190 2875 240 2933 est,
263 2877 308 2919 aut
328 2870 406 2920 etiam
424 2869 508 2933 falsis,
526 2885 584 2936 quas
621 2883 688 2919 mam
707 2870 756 2934 rei,
772 2871 865 2935 iuquit,
882 2874 1056 2936 complectar:
1074 2874 1149 2936 ipsam

56 2952 142 2995 tamen
153 2945 365 2996 inveteraveriut.
398 2947 467 3001 Hine
483 2947 585 3010 Cicero,
621 2947 749 3009 despoliare
758 2962 804 2995 nou
813 2947 877 2996 licet.
901 2947 944 2996 Ita
954 2947 1065 2997 animum
1075 2950 1148 2998 here-

54 3022 124 3071 ‘ita
154 3022 308 3085 habeantur,
338 3022 425 3087 itaque
447 3020 583 3073 dicantur!
608 3023 669 3085 'dis,
690 3038 766 3088 quem
785 3024 846 3086 jure
867 3024 1003 3086 attulerat,
1026 3025 1149 3089 aequitate

56 3096 150 3147 Habito
166 3112 229 3163 ergo
248 3098 306 3163 plus
325 3104 376 3161 est,
390 3113 466 3163 quam
483 3098 583 3148 credite.
621 3100 743 3163 singulari
760 3099 853 3148 duetus
875 3100 981 3149 omittit.
1002 3106 1031 3149 ut
1047 3101 1072 3150 in
1090 3117 1148 3152 eum

56 3174 184 3223 Donatus.
621 3175 758 3225 conueniat
778 3175 843 3224 iilud
865 3175 966 3240 Poetae,
992 3178 1000 3205 ‘
1022 3177 1082 3228 Non
1103 3179 1148 3229 iiio

88 3248 185 3314 Semper
200 3248 265 3314 ejas]
280 3249 306 3299 A
328 3249 444 3313 possibili
464 3257 493 3301 et
514 3249 582 3300 utili.
620 3251 862 3318 meliorquisquam‚
877 3266 926 3302 nee
942 3255 1070 3304 amantior
1081 3257 1148 3320 aequi

55 3326 132 3376 Idem·
621 3328 669 3377 Vir
680 3326 746 3377 fuir?
764 3328 891 3377 Boeoierurs.

87 3401 184 3467 Semper
193 3403 258 3452 euim
267 3402 389 3465 eiasds'cta
405 3408 441 3453 est
454 3403 584 3466 haecntqrra
654 3406 684 3451 15
703 3403 773 3452 Narro
795 3419 832 3452 me
857 3404 970 3468 hospitem
995 3403 1147 3467 literaeque]

54 3476 270 3542 hahitnestseror]
286 3479 339 3529 Hie
359 3494 448 3529 versus
466 3481 584 3529 varieie-
622 3477 689 3527 Mire
712 3477 775 3528 dicit
795 3494 840 3542 me,
854 3493 912 3529 eum
931 3476 1039 3542 inpetere,
1059 3479 1150 3545 idest,
1247 3546 1251 3552 ι

55 3555 133 3618 gitur.
166 3556 308 3606 Vaticanus
319 3561 347 3606 et
359 3557 520 3605 Basilieanus
531 3556 583 3606 sie:
621 3567 708 3602 senem
719 3560 747 3603 et
758 3562 884 3604 remotum
900 3556 1023 3604 alitibus.
1057 3555 1146 3620 Hospi-

55 3630 152 3696 Semper
166 3626 228 3681 euim
246 3632 311 3682 dieta
326 3638 363 3681 est
379 3647 427 3681 esse
441 3633 500 3693 hec,
515 3637 584 3695 atque
620 3634 678 3692 tem,
689 3630 715 3678 id
727 3636 777 3687 est,
792 3631 966 3695 peregrinum.
996 3632 1149 3696 Litteraqui,

55 3708 134 3759 hahita
144 3715 181 3759 est
190 3723 265 3758 soror.
297 3708 351 3758 Alii
367 3723 468 3759 omnes:
485 3709 584 3772 Seraper
620 3707 708 3773 idest,
722 3722 871 3772 pauperem.
887 3715 968 3759 totum
980 3724 1027 3774 per
1039 3707 1145 3773 ἔμφασιν.

54 3783 165 3847 <inmte
198 3786 319 3834 Donatus
331 3798 402 3847 vero,
417 3799 493 3849 quern
505 3790 533 3833 et
543 3797 584 3832 se·
621 3785 738 3836 Donatus.

55 3861 170 3924 quimus:
195 3859 292 3924 Semper
311 3863 373 3910 euim
394 3862 459 3910 dicto
478 3864 514 3909 est
533 3860 583 3920 ejus
652 3865 685 3910 16
703 3863 779 3917 Quom
797 3863 836 3912 hie
853 3863 912 3911 mihi
931 3863 964 3912 sit
981 3863 1058 3921 facite
1075 3867 1147 3926 utque

55 3936 277 4001 heeotqsehehr'to
292 3943 328 3987 est
340 3953 414 3987 aaron
431 3951 519 3986 versus
537 3950 581 3985 au·
620 3939 690 4001 utils]
708 3937 801 4003 idest,
819 3938 922 3989 difficile
942 3947 970 3989 et
987 3941 1096 3992 inutile:
1118 3949 1147 3993 et

55 4018 106 4061 tem
119 4018 183 4074 stat,
193 4017 329 4061 contracto
341 4012 390 4072 <ias
405 4012 432 4061 in
444 4026 518 4061 uuam
529 4012 581 4076 syl·
620 4021 660 4062 est
671 4013 804 4062 comicum.
822 4015 897 4064 hiem·

54 4087 261 4152 isbamlongam.
279 4089 397 4138 Fnirrrus.
651 4088 720 4137 Lites
739 4088 813 4151 sepsi,
834 4088 887 4152 ipa]
908 4090 992 4154 Super
1014 4091 1145 4159 Chrysidis

87 4163 183 4226 Serape
194 4164 257 4212 esim
268 4163 325 4214 dict.
335 4164 389 4228 qa]
404 4162 497 4214 Animo
508 4164 582 4213 here·
619 4164 702 4228 bonis,
723 4179 778 4230 quae
800 4167 915 4228 possidet
928 4167 1087 4236 Glycerium,
1104 4185 1144 4222 re-

54 4239 102 4299 iis,
114 4247 145 4291 nt
155 4240 285 4305 sobrinus,
295 4248 411 4306 venerat,
422 4248 450 4291 ut
462 4241 495 4292 ab
508 4242 581 4294 initio
619 4240 746 4304 petendis.
765 4241 905 4295 Faruuhim.
1023 4250 1026 4257 “
