2676 4710
198 333 380 382 rensuum
405 332 723 382 nesuuuumnuu.
748 333 830 388 sur.
853 336 887 382 v.
911 335 965 384 sn.
989 337 1031 384 11.
1076 319 1174 389 1381.

62 475 190 534 terrim
201 475 297 538 ingenii
311 475 351 524 uui
363 476 456 537 Syrus:
475 476 597 540 uultuque
632 474 727 539 πατρός.
744 476 819 525 idem.

62 564 211 604 sermonem
223 551 335 614 adjuret.
353 552 429 601 idem.
665 555 698 599 89
713 551 813 601 Auxilio
834 551 860 600 in
870 556 968 615 putenm
978 552 1080 615 injuria]
1103 553 1159 604 sic-

100 628 597 692 Ibc'nnnemm,h·c.]'l'otusinicosium,
634 625 677 674 ubi
707 634 782 689 peter
807 625 916 675 infestus
939 626 972 675 sit
994 634 1022 675 et
1040 627 1161 692 iniquior,

66 708 116 757 lroe
135 721 203 757 nnuc
219 722 277 770 ugo,
296 714 324 755 et
344 706 441 755 dudum
452 707 504 768 egi,
514 721 597 769 usque
628 710 716 752 tnuter
733 705 876 767 plerunque
888 703 1064 766 indulgentior
1083 719 1161 755 excu-
1253 769 1257 774 ἡ

62 784 129 833 dum
147 791 220 846 puter
237 782 414 838 tuus=aderut,
426 789 454 832 ut
470 783 597 831 medituu·
632 786 674 828 sat
686 777 858 842 peccotshlii.
884 779 943 829 Jam
961 786 1048 828 autem
1065 780 1162 830 lentior

65 861 101 909 do
129 859 232 924 sliqnud
259 860 394 908 consilium
416 861 595 910 extunderem.
633 855 901 920 est‚nequeldfucit.
918 856 995 907 Idem.

65 936 211 985 Farnobium
328 953 331 957 ·
631 945 633 949 ’
664 935 956 999 llSuspicionemistum]
967 936 997 984 ln
1007 935 1072 984 libro
1084 937 1162 986 Betu-

98 1018 131 1063 st
148 1013 191 1062 Sic
204 1011 250 1074 est]
267 1012 318 1061 Diu
330 1011 416 1073 tinxit,
434 1011 521 1061 nescio
533 1010 596 1075 quid
633 1013 692 1062 bino
701 1015 835 1076 estistonc,
845 1019 874 1062 ut
885 1021 913 1061 et
925 1012 1075 1062 Priscianus
1087 1014 1162 1076 citat,

63 1091 195 1152 cogitare,
218 1104 318 1146 servus,
337 1089 436 1152 reperit
453 1095 541 1138 tumen
560 1102 597 1136 us·
632 1099 660 1139 et
672 1090 736 1138 rstio
747 1105 836 1140 versus
848 1088 938 1151 exigit.
949 1088 1065 1137 Fuimus.

63 1173 132 1214 tute.
150 1165 269 1216 Consulit
279 1165 318 1214 uti
327 1164 407 1227 dicut,
417 1165 484 1212 huuc
496 1163 596 1212 sdoles·
663 1171 697 1216 42
714 1167 744 1215 Si
764 1182 811 1216 non
828 1170 963 1229 celsorum,
979 1167 1010 1213 od
1029 1165 1161 1215 mhericor-

62 1248 168 1291 ecntem
183 1240 597 1304 fillumnouesse,etqnaeritar·
631 1243 697 1291 dium
712 1242 790 1291 smmi
806 1243 907 1290 adduces
921 1240 981 1302 cito]
1006 1240 1075 1290 Quid
1094 1242 1163 1290 enlm
1207 1294 1211 1303 s

63 1319 421 1384 gumente,qnodsntequsm
431 1318 517 1382 puella
528 1325 597 1368 esset
633 1319 741 1367 validius
763 1332 820 1366 esse
837 1321 942 1381 poteret
957 1316 990 1364 sd
1007 1317 1160 1368 tentandum

61 1393 183 1454 iuventa,
194 1395 262 1444 horre
273 1395 425 1457 diligebant,
437 1401 529 1456 postes
549 1409 595 1443 ex·
631 1394 743 1441 unimum
767 1391 924 1455 parentum?
950 1392 1044 1455 Itsque
1070 1398 1163 1454 postes

60 1469 223 1519 haeredatur.
263 1469 364 1533 Adjicit
391 1476 419 1519 et
441 1470 515 1530 illud,
537 1485 596 1520 curu
631 1475 716 1517 muter
736 1482 785 1518 uec
814 1467 885 1517 ferre
907 1473 996 1530 potest
1020 1467 1095 1530 hujus
1123 1468 1163 1518 rei
1264 1520 1265 1525 ,

61 1553 164 1595 matres
184 1561 287 1610 semper
298 1561 345 1610 pro
360 1546 420 1595 filiis
440 1547 595 1596 intervenire
631 1546 796 1596 mentionem.
830 1546 1002 1608 Calpbnruius
1016 1545 1090 1610 hujus
1103 1559 1161 1596 seu·

63 1623 259 1684 consueuerint,
273 1637 340 1671 nunc
353 1621 378 1670 in
395 1622 528 1670 iracundie
545 1637 595 1672 nou
631 1622 721 1671 teutirc
741 1624 805 1672 huuc
822 1622 949 1671 rationem
970 1620 1064 1671 effert:
1084 1622 1162 1686 ‘quis

61 1707 138 1761 roget
156 1706 246 1749 muter.
280 1698 422 1762 Compellit
438 1699 517 1761 igitur
534 1700 594 1750 ado·
631 1708 753 1763 parentes
775 1692 829 1750 veri
851 1701 904 1750 cito
926 1701 986 1750 liliis
1005 1702 1161 1765 ignoscunt)
1213 1729 1216 1733 ·

62 1776 216 1837 lucentem,
235 1776 272 1824 uti
299 1783 421 1839 parentes
442 1783 527 1838 roget,
550 1784 594 1826 aiut
631 1775 707 1826 Quod
721 1776 843 1840 frigidum
856 1785 926 1827 esset
936 1778 987 1826 hoc
998 1778 1067 1828 loco.
1093 1778 1159 1828 Vult

63 1853 135 1900 enim
144 1851 593 1916 precibussdmisericordiumcom·
630 1853 698 1900 eninr
721 1853 874 1916 siguificare,
903 1859 1026 1916 parentes
1057 1868 1161 1917 prorsus

60 1935 180 1977 moturus
201 1937 240 1978 est
252 1931 350 1991 umbos,
370 1935 415 1978 uut
434 1943 490 1978 suos
502 1944 594 1992 pureu-
630 1925 699 1976 ferre
715 1927 1162 1995 nonposse,si7uno16mrrirrorop·

58 2012 104 2054 tes
115 2003 194 2055 focile
202 2013 349 2070 cognoscet.
376 2004 426 2054 Sed
438 2015 593 2057 conventum
628 2005 709 2066 visin
722 2005 825 2054 dubium
838 2012 951 2055 vocetur.
968 2007 1097 2058 Boeclerur.

60 2095 97 2130 ex
115 2083 255 2145 posteriori
273 2083 388 2132 oratione
409 2084 595 2148 cognoscimus,
661 2086 693 2131 43
710 2081 800 2145 Scibis]
817 2081 942 2146 Antique,
953 2097 1000 2147 pro
1010 2084 1080 2134 scien
1097 2085 1160 2134 Fur-

60 2171 123 2207 cum
134 2157 210 2220 dixit,
222 2159 306 2208 ‘Satis
323 2157 414 2208 recte.'
449 2160 512 2207 Cum
523 2161 606 2209 enim
629 2158 730 2207 hebius.
826 2182 828 2187 ·

59 2234 88 2282 iu
102 2235 216 2297 peiiculo
234 2235 329 2298 majore
348 2234 447 2298 positus
457 2233 537 2284 fuerit
547 2235 595 2284 lili·
662 2235 771 2298 Fociom]
787 2234 850 2283 Cum
861 2236 911 2285 hoc
922 2235 1010 2297 verbo,
1022 2237 1110 2286 stetim
1122 2237 1160 2286 di-

62 2327 103 2375 us,
115 2321 169 2362 tum
186 2312 265 2365 iccile
278 2311 428 2377 parentibus
441 2319 528 2375 potest
539 2327 593 2361 mo·
631 2308 907 2373 grediturudmutrem
917 2310 1032 2372 Clitipho
1043 2329 1050 2372 ;
1063 2319 1091 2360 et
1102 2327 1161 2361 cum

61 2401 125 2436 vere
136 2387 271 2451 pietatem,
287 2390 327 2436 vel
339 2403 429 2451 pacem
442 2390 474 2436 sb
493 2388 593 2437 issemu-
630 2399 661 2434 eu
677 2386 755 2434 tslem
773 2384 916 2433 orationem
931 2385 1027 2434 hebere
1038 2386 1161 2447 instituit,

63 2462 97 2511 do
108 2471 182 2526 putre
194 2465 337 2526 suscipere.
372 2465 593 2514 ‘Pacem'uutem
631 2461 934 2524 utpraeceperatSyrus.
952 2461 1002 2512 Qui
1018 2462 1160 2512 iuthestro
1213 2498 1216 2505 .
1283 2471 1292 2484 ·

61 2538 132 2586 dixit
144 2539 254 2597 renium,
264 2540 396 2600 utVirgil.
429 2541 593 2604 ‘Pacemquo
629 2536 756 2597 subsistit,
767 2540 796 2584 ct
806 2542 918 2585 mutatas
935 2537 1008 2600 quiesi
1023 2537 1049 2586 in
1069 2538 1159 2587 mellus

59 2628 111 2676 per·
121 2628 196 2664 aura.
210 2613 378 2678 Exqutmnt!
411 2616 442 2664 ld
454 2623 504 2677 est,
515 2618 593 2667 bene.
628 2611 677 2660 slbi
691 2612 818 2675 propositi
838 2614 890 2660 vles
903 2614 1052 2678 exequitur.
1067 2615 1160 2664 Boecie·

58 2692 244 2742 valentianae
258 2693 368 2741 reniam.
385 2692 546 2756 Eugroplsius.
629 2703 681 2737 rut·

94 2767 137 2816 Sic
154 2773 206 2818 est:
224 2784 271 2817 nos
282 2783 330 2818 esse
341 2770 423 2818 norun
441 2775 465 2819 te
475 2771 593 2834 arbitror]
662 2766 710 2815 Sor
723 2769 784 2814 recte
795 2766 865 2828 mibi]
878 2765 914 2813 0.
923 2767 940 2816 l.
951 2781 972 2817 s.
983 2773 1043 2830 post
1053 2766 1061 2794 ‘
1071 2767 1158 2817 reete'

61 2845 136 2894 Bene
148 2844 325 2908 Eugrephius:
349 2845 404 2892 ‘din
415 2844 497 2903 linxit,
508 2860 536 2894 se
548 2860 593 2894 ne·
630 2842 728 2889 habeut
740 2841 792 2889 hot.
809 2840 934 2890 Fuimus.
1134 2847 1137 2854 '

60 2920 116 2970 'seio
137 2919 344 2984 quidsscugiture,
365 2934 473 2980 servus3
495 2922 593 2984 reperit
629 2940 634 2945 ·
660 2921 692 2965 44
712 2917 818 2964 Maxime
827 2931 869 2976 spe
888 2916 948 2962 situs
958 2915 1016 2976 erit]
1035 2914 1102 2964 Situs
1112 2931 1161 2978 spe,

62 2996 182 3046 tundem'
193 2997 244 3061 (itu
256 2995 475 3060 legendnm‘est)‘
489 2999 593 3047 astute!
629 3007 743 3056 expone,
763 2991 914 3048 derelictus,
935 2990 989 3038 sive
1011 2989 1128 3040 dimissus
1144 3008 1160 3042 s

61 3073 158 3136 Itaque
168 3072 225 3121 huc
242 3071 336 3133 oratio,
347 3073 383 3119 sic
401 3077 445 3126 est,
457 3074 593 3121 continuet
630 3084 690 3132 spe:
709 3069 761 3115 sino
773 3070 842 3114 enlm
855 3073 882 3113 et
892 3080 938 3127 pro
949 3065 1052 3114 dimitto
1064 3069 1160 3132 accipi·

59 3149 244 3212 cogitationes,
257 3156 319 3196 nota
333 3154 361 3196 ct
372 3145 495 3196 familiari
506 3147 592 3197 Comi·
629 3152 681 3200 tor,
693 3151 757 3192 utet
770 3156 849 3205 supro
859 3142 885 3188 in
900 3141 1078 3190 Heautontim.
1090 3145 1160 3192 ‘sine

62 3222 210 3284 cisfigurn.
244 3223 310 3269 Mox
329 3222 592 3271 consiliosuohdem
628 3234 670 3268 me
692 3217 809 3268 vacivom
834 3225 936 3278 tempus
957 3217 1079 3280 nequod
1100 3219 1160 3277 dem

59 3304 90 3349 et
116 3297 325 3348 benevolentium
349 3303 440 3359 parnt:
468 3298 535 3361 ‘ego
554 3298 592 3347 di·
628 3295 689 3345 mibi
717 3292 831 3343 laboris!
872 3291 940 3341 Item
969 3290 994 3339 in
1023 3292 1160 3356 Adelphis,

62 3391 130 3435 com,
145 3374 213 3439 qnod
225 3373 288 3422 mihi
300 3375 325 3421 in
338 3381 467 3423 mentem:
487 3374 591 3439 tu‘diju-
629 3370 767 3435 ‘quisquis
783 3383 811 3417 es
828 3367 883 3416 sine
899 3365 959 3416 me.'
993 3368 1065 3424 Etin
1079 3369 1160 3418 Phor-

10 3478 15 3503 ν
60 3450 137 3500 dicu!
172 3449 327 3512 htqoehinc
343 3448 590 3512 duobnsarguntcu·
628 3451 722 3511 mione,
753 3445 918 3510 ‘imprudens
948 3445 1032 3494 timuit
1060 3445 1159 3494 sdoles·

61 3528 96 3576 tls
110 3529 200 3590 (quam
212 3539 245 3574 ex
263 3524 380 3587 proximo
390 3529 418 3572 et
430 3537 457 3571 re
469 3525 591 3592 presenti
628 3541 700 3588 cens,
724 3524 797 3575 sino.'
831 3524 896 3574 Ques
916 3522 967 3570 duo
984 3526 1099 3570 extreme
1110 3519 1159 3571 eti·

58 3604 152 3667 petitis
162 3603 183 3665 l)
200 3608 228 3651 ct
243 3601 415 3650 adolescentis
427 3607 454 3648 et
473 3608 591 3649 conster-
629 3600 963 3652 umaDonstocitunturin
973 3598 1088 3662 Hecyra,
1099 3613 1158 3661 pro·

58 3679 115 3729 uati
134 3680 247 3729 animum
265 3676 342 3726 facilc
364 3676 482 3739 impellit.
499 3677 590 3726 Boecle·
628 3679 691 3728 bure
705 3680 808 3727 roleutc
817 3677 885 3727 idem
895 3689 952 3726 esse
962 3675 1025 3737 nno,
1035 3689 1068 3724 ue
1078 3676 1156 3725 mito.

57 3773 109 3807 rus.
628 3753 712 3803 Idem.

62 3851 64 3856 ·
93 3831 299 3882 Nonesscltomm
309 3833 333 3876 te
343 3826 457 3889 arbitror]
468 3826 591 3878 Arbitror
662 3827 1158 3889 Quummisimuinspesituscrit1'l'or-

58 3916 87 3959 te
103 3923 156 3957 nou
167 3914 224 3957 esse
235 3904 314 3953 hlium
325 3903 423 3961 horum,
435 3916 483 3950 nec
501 3903 591 3966 digus·
628 3905 661 3955 sit
670 3906 711 3954 hic
723 3906 794 3954 locus
809 3902 942 3952 eruditos:
961 3903 1092 3966 inquibus
1109 3903 1160 3953 duo
1244 3897 1245 3900 ’

60 3992 103 4035 tus
133 3990 174 4034 est
203 3981 301 4041 dicere,
325 3977 501 4040 ‘parentum’
534 3986 590 4042 aut,
627 3982 731 4032 maximi
744 3982 791 4030 riri
804 3979 918 4028 Fuit-uus
935 3986 963 4028 et
982 3980 1101 4043 Guyetus
1113 3982 1157 4030 rix

56 4064 66 4090 ⁴
77 4061 223 4110 Chremetis
234 4064 262 4106 et
271 4052 414 4104 Sostrate!
425 4054 568 4105 Furuobius.
626 4050 896 4122 approbsbnut‘suum
916 4055 1158 4118 interpretationem

59 4171 62 4178 ‚
91 4141 124 4187 88
143 4130 398 4197 Motreromorsfiliis‚
409 4129 462 4193 ire]
476 4131 589 4181 ‘Mensu-
627 4135 674 4198 (dc
685 4148 748 4182 voce
759 4133 821 4181 situs
831 4138 876 4202 eut
886 4129 959 4193 orm)
973 4131 1089 4196 cuiquem
1100 4134 1159 4182 dili·

53 4216 123 4267 der=
138 4205 588 4274 Ἔστνδὲμητὴρφιλότικνοιμᾶλλον
628 4211 731 4276 gentius
754 4207 889 4274 cogitanti.
933 4209 1028 4259 Sensus
1052 4210 1157 4276 quidem
