2670 4702
256 352 439 402 ruuuuru
463 344 733 401 nomenmodo.
758 352 808 401 iv.
831 353 883 403 su.
907 355 946 402 11.
1063 334 1150 406 1459

49 497 109 548 lule
119 494 271 557 redundot3
286 496 342 560 sed,
352 492 409 546 dlxi
419 495 582 560 stepius‚eul,
619 494 680 544 bule
691 495 859 546 conticescet.
875 497 943 549 Quia
955 498 1043 561 lupum
1055 497 1150 550 vldlese

51 580 80 624 el
97 573 158 623 ulie
177 572 306 636 ejusmodi
324 572 528 636 interjectiones,
539 586 583 620 ex·
619 571 735 620 homines
747 570 866 633 dicimus,
878 572 921 635 qui
941 577 1049 636 repente
1060 573 1150 623 obruu-

49 648 232 708 clamationes,
243 653 318 697 entra
327 654 437 698 metrum
453 647 583 697 interdum
621 646 737 695 tueriutr
760 646 830 710 quod
848 645 905 696 iere
921 647 951 697 iis
971 647 1068 710 evenit,
1087 663 1151 713 quos
1234 640 1237 644 ⁴

50 730 198 775 censentur.
215 724 301 774 Faber.
620 722 798 787 priorviderit
814 724 908 788 lupus:
932 731 962 774 ut
977 740 1035 775 cum
1052 725 1151 789 cogitu-

82 803 115 849 ll
135 799 227 862 Culleo]
241 800 343 850 Cullide
354 799 419 849 seio.
436 797 555 848 Donatus.
621 799 730 850 tioueiu
747 813 799 862 que
814 798 921 863 fueriut,
940 799 1020 849 etium
1039 813 1105 849 voce
1122 808 1152 850 et

83 881 117 926 18
136 875 280 936 conseruit
290 875 412 938 nummu]
423 877 513 925 ’lertio
524 888 583 924 con·
621 875 708 924 verbis
727 881 842 925 careant.
875 876 919 925 Sic
938 875 1107 937 Theocritus,
1124 874 1152 924 oi

46 952 185 1017 jugatione
202 951 278 1013 dixit,
289 951 357 1000 uude
367 950 465 1011 smero
481 949 585 1012 dicitur,
621 949 813 1016 ptintp3ninou
823 947 889 1000 εἶδες.
922 953 957 1000 Et
965 952 1060 1015 Virgii.
1075 952 1152 1001 ‘Vox

48 1025 270 1090 coueptnmedle
281 1025 390 1088 syllam.
408 1027 483 1075 Iden.
621 1040 725 1091 quoque
742 1025 838 1075 Moerin
855 1024 915 1075 Jam
933 1024 1002 1088 fugit
1020 1027 1086 1090 lpsu‚'
1097 1026 1155 1089 lupi

85 1100 184 1164 Feroit]
207 1102 260 1151 lru.
275 1114 336 1172 quae
353 1100 473 1150 ebullitio
489 1099 585 1149 dicitur
622 1103 718 1151 Moerin
735 1102 824 1151 videre
840 1101 959 1163 priores!
990 1099 1044 1150 Alii
1060 1109 1155 1166 putent

50 1177 188 1240 unguinis
199 1176 269 1226 circu
280 1190 332 1226 cor.
350 1175 492 1225 Famuline.
623 1191 657 1228 ex
678 1177 808 1228 nutricum
830 1176 924 1226 tubulis
944 1181 1042 1240 numm,
1060 1190 1155 1241 pueros
1221 1169 1224 1175 ’

87 1253 143 1307 Qut
167 1250 247 1315 modo]
273 1251 394 1308 Miratur,
423 1250 483 1314 quil
510 1248 587 1299 timet
622 1253 810 1304 ludificantium
830 1260 930 1303 terrore
949 1253 1013 1317 lupi,
1030 1254 1156 1316 puulutim

50 1342 122 1391 am,
133 1340 210 1393 quem
221 1328 270 1378 istc
280 1326 433 1378 contemnit·
449 1327 570 1376 Donam-
623 1346 638 1380 e
650 1344 729 1381 cover
741 1329 868 1379 venientis
880 1342 961 1393 usque
972 1327 1005 1376 ud
1016 1327 1095 1376 limen
1111 1342 1155 1377 cu·

86 1409 120 1454 lll
136 1404 375 1453 Lesdurierteoudil
384 1402 496 1465 libenter]
509 1400 585 1454 Quod
624 1407 713 1456 bicnli.
731 1406 797 1456 Num
808 1403 902 1453 fulsum
915 1401 1035 1467 estquod
1047 1401 1154 1465 dicitur,

51 1492 70 1529 o
79 1480 185 1530 Demea
199 1478 305 1541 dicitur,
319 1479 346 1528 lu
360 1492 450 1529 omues
464 1484 586 1543 putentes
624 1479 795 1531 intervenisse
805 1479 895 1543 lupum
910 1478 1045 1528 Naevisuae
1056 1476 1155 1529 fubnlro

50 1555 107 1606 dici
116 1561 192 1619 putu,
209 1566 270 1604 uum
288 1565 364 1605 nemo
379 1561 433 1604 tom
453 1566 531 1618 cuper
545 1559 588 1604 est
625 1557 753 1607 alimonie
772 1555 849 1605 Remi
866 1560 895 1605 et
912 1553 1028 1619 Romuli,
1046 1553 1107 1604 dum
1129 1555 1156 1604 iu

52 1638 143 1696 putes,
152 1637 184 1680 ut
194 1643 246 1680 uou
254 1630 342 1681 statim
351 1631 470 1682 mitescet
480 1630 587 1681 laudato
625 1634 726 1682 theatro
737 1637 868 1695 ageretur.
887 1630 962 1680 idern.

52 1705 120 1755 tilio.
138 1706 214 1756 iduor.
657 1708 739 1772 Lupus
756 1707 782 1756 in
795 1706 894 1769 famu]
921 1705 1024 1756 Silentii
1047 1704 1156 1755 indictio

88 1781 163 1830 Facio
175 1786 199 1830 te
208 1781 271 1843 opud
280 1781 348 1829 illurn
358 1779 439 1844 dnn]
456 1778 588 1830 Laudibus
626 1785 728 1849 quoties
746 1782 889 1832 interveuit
907 1781 929 1830 is
947 1780 980 1830 de
1000 1795 1052 1845 quo
1069 1779 1157 1830 fueret

53 1864 84 1908 te
95 1857 129 1905 sd
141 1857 234 1906 coelum
245 1870 326 1922 usque
337 1854 445 1908 extollo.
466 1857 589 1906 Socrates
626 1859 733 1908 mentio.
752 1857 831 1907 Pluto
852 1857 879 1905 iu
900 1856 1022 1906 Phaedro.
1056 1854 1157 1916 Λέγεται

53 1932 127 1996 ‘opud
137 1932 279 1982 Plutonem
290 1933 316 1982 ic
327 1933 457 1983 Menoue:
471 1931 501 1981 oi
510 1930 589 1980 Λάκιο-
625 1936 693 1996 poio,
704 1931 723 1982 ὃ
733 1935 825 1997 Φαῖδρε,
837 1931 927 1981 circaeo
944 1928 1010 1992 eluci,
1022 1929 1061 1980 uel
1071 1929 1100 1979 nl
1114 1931 1158 1980 τοῦ

54 2006 589 2072 νες,ὅταντυὰέγκωμι4ζυσινᾶγιθδνᾰνδρα,
626 2008 701 2060 λύκου
726 2007 807 2058 eineis.
841 2007 1030 2057 obmutescere
1057 2006 1157 2070 quippo

52 2074 368 2149 trioupuciuirlpoirm.
381 2085 524 2135 Famuline.
627 2085 756 2136 creditum
777 2096 841 2148 quoe
863 2083 936 2146 prior
957 2081 1052 2131 viderit
1073 2083 1160 2146 lupus.

86 2164 123 2210 20
144 2158 253 2210 Virtutes
268 2154 353 2223 norro]
379 2162 439 2211 Non
458 2161 522 2210 dicit
538 2161 590 2210 ele·
627 2160 813 2226 videquuenos
829 2158 862 2208 ud
879 2159 969 2223 Eclog.
988 2158 1158 2223 rx.Virgllii=

54 2234 475 2301 guunmiudolem,sedotrtotec
506 2235 590 2286 Viris·
626 2236 704 2285 ‘Vox
716 2247 818 2299 qnoque
830 2234 926 2283 Moerin
941 2233 1001 2284 Jum
1013 2232 1159 2298 septipes,

56 2317 93 2362 tes
104 2317 191 2361 cutem
204 2320 265 2363 suut
277 2311 388 2376 perfecti
400 2311 536 2377 sepientis,
547 2311 590 2361 vei
627 2311 682 2375 lupi
699 2310 795 2360 Moerin
813 2308 904 2359 videre
923 2308 1041 2372 priores!
1066 2302 1159 2358 Furno-

56 2389 114 2439 divi
125 2387 245 2449 alicujus.
286 2386 323 2435 Et
334 2384 401 2436 bene
412 2396 471 2435 oum
484 2393 590 2448 stupore
627 2386 688 2436 diuus.

56 2463 291 2528 responderemus?
306 2462 448 2513 ostendeus
455 2461 524 2527 quod
533 2460 590 2510 uul·
660 2464 693 2510 22
709 2460 778 2523 Fuge
792 2461 860 2509 nudo
877 2458 954 2522 iutro]
976 2459 1039 2510 Nou
1057 2459 1124 2511 dixit
1140 2454 1162 2524 i,'

56 2540 92 2589 iss
103 2543 202 2587 meent.
220 2538 339 2586 moun.
628 2535 671 2584 vel
682 2534 730 2590 odi,
741 2535 866 2583 veluude:
891 2534 936 2584 sed
951 2534 1023 2598 suge,
1035 2542 1109 2586 tuoto
1119 2551 1161 2587 ce·

93 2613 142 2663 Cr.
158 2610 249 2661 Meuei
272 2612 322 2661 Su.
338 2608 406 2672 sous]
429 2609 496 2659 Cum
515 2613 592 2673 gestu
628 2609 734 2659 leritute
746 2615 869 2672 opusest.
885 2609 1005 2660 Domus.

58 2682 229 2754 pronuntiare
239 2685 372 2749 debemus,
387 2691 419 2734 ut
429 2683 593 2748 intelligutur
663 2689 695 2735 st
712 2685 743 2734 Si
758 2684 815 2749 quid
824 2685 930 2749 nogotii,
944 2701 1058 2751 nmquam
1073 2693 1102 2739 lu
1112 2690 1162 2754 nte]

59 2762 155 2814 irrisio.
173 2762 248 2811 idem.
290 2754 298 2787 ‘¹
631 2763 1162 2829 Moguavirtute'l'ereutiusrudem‚sim·

94 2836 330 2900 Iammucudsnt]
348 2833 426 2885 Hom.
441 2835 475 2886 Il.
487 2848 528 2885 vr.
544 2841 593 2885 Δα-
632 2840 737 2904 pilum,
758 2838 927 2902 timidumque
948 2838 1050 2889 inducit
1077 2841 1162 2892 Ctesi·

59 2914 144 2981 upodsu
167 2911 302 2976 γελάσασα.
347 2911 468 2975 Xenoph.
497 2913 594 2962 Rerum
631 2916 745 2980 pliorem
761 2914 794 2962 ub
805 2912 894 2962 initio:
913 2919 944 2977 ut
956 2913 977 2962 is
990 2913 1033 2975 sit,
1045 2915 1089 2978 qui
1100 2916 1161 2984 mois

61 2993 213 3043 Graecorum
221 2997 275 3040 ττι.
293 2987 375 3038 nouis
389 2986 468 3051 πάρα
481 2986 545 3048 λύπη
556 2987 595 3037 nul
632 2991 825 3056 opprimeretur
835 3002 894 3037 curu
910 2987 1048 3037 meretrico
1059 3002 1161 3039 eccum·

61 3063 149 3132 ldnped
158 3066 218 3115 dour.
235 3067 374 3130 Lucrymos
385 3062 411 3112 in
423 3064 524 3127 auguriis
535 3077 595 3112 ocu·
632 3067 697 3116 bene
707 3064 856 3112 iuterveutu
868 3061 958 3126 patris,
968 3062 1002 3112 ob
1013 3062 1163 3127 impruden·

62 3144 149 3193 lorum
160 3157 189 3192 se
205 3141 352 3203 ostendere,
371 3151 540 3203 prorumpere
556 3146 595 3189 ts·
633 3141 698 3189 tium
708 3152 739 3187 ac
750 3136 923 3186 rusticitatem
934 3149 1014 3187 strum.
1031 3137 1109 3186 Idem.

63 3229 125 3268 meu
136 3232 170 3267 ex
179 3216 346 3279 spiramentis
361 3215 472 3277 duobus,
490 3228 596 3278 qnorum
667 3217 791 3279 Nusquam
809 3220 837 3264 lus
854 3215 902 3279 nse]
927 3212 988 3264 Scil.
1007 3215 1104 3265 vidisse
1120 3229 1162 3264 re·

63 3304 144 3343 uuum
154 3289 223 3342 sit'iu
234 3291 369 3356 superiore
381 3304 455 3354 geue,
469 3290 497 3338 in
506 3287 596 3339 iuferi-
632 3290 770 3356 spondeos.
798 3287 939 3340 Familiaris
950 3288 1054 3353 ἔλλειψις
1064 3295 1092 3340 et
1102 3296 1165 3355 epto

65 3380 112 3421 ore
134 3369 254 3432 alterum,
279 3372 415 3418 autumant
436 3365 596 3430 Philosophi.
634 3365 794 3433 properanti.
806 3379 884 3431 quere
900 3365 959 3413 hoec
974 3365 1058 3413 omnis
1076 3377 1165 3426 pressu

63 3449 207 3511 dommus
218 3459 252 3495 ex
262 3444 348 3494 iruvel
359 3443 466 3493 tristitie
474 3456 522 3507 per
530 3440 596 3492 inte-
634 3456 699 3494 voce
726 3456 785 3493 cum
808 3440 943 3492 celeritate
970 3439 1165 3504 pronunciando

65 3524 121 3572 rius
133 3535 250 3576 manure,
261 3520 323 3582 quie
333 3518 418 3569 cordis
436 3531 468 3567 eu
482 3523 544 3566 suut
553 3529 596 3566 no·
635 3523 704 3568 sunt·
720 3517 796 3568 Idem.

64 3598 198 3655 cideutiu
216 3597 335 3661 uliuquae
347 3587 599 3658 rotioueprofluuut,
668 3594 760 3644 &uun
768 3603 801 3643 11.
831 3584 971 3642 'l'toclruici
984 3588 1112 3641 octonarii
1122 3603 1166 3639 cu·

65 3687 118 3740 per
144 3673 264 3739 superius
287 3685 385 3733 meare,
406 3669 468 3734 quio
489 3674 599 3718 eventus
636 3667 754 3719 tsiectioi
764 3670 834 3715 suut.
851 3679 889 3715 vs.
905 3669 930 3714 2.
943 3665 1007 3714 Mes.
1016 3663 1100 3713 nostri
1112 3677 1165 3712 om·

67 3761 148 3800 ceusu
159 3748 194 3797 sit
203 3747 237 3796 de
249 3746 368 3797 cerebro.
401 3745 467 3795 Coei.
487 3742 600 3807 Rhodig.
636 3738 1167 3805 ues‚utedidimus.vn.u.duo:discernere.

60 3825 114 3875 lib.
127 3836 180 3874 xrs.
190 3838 214 3874 o.
225 3827 250 3872 4.
268 3821 412 3872 huetius.
636 3831 719 3869 uuusr
730 3817 809 3866 nescio
819 3829 867 3879 pro
877 3830 972 3879 nequeo.
988 3830 1026 3865 vs.
1036 3818 1076 3864 12.
1086 3826 1165 3863 unus:

62 3916 66 3923 ·
101 3905 134 3952 21
163 3900 241 3956 Quasi
266 3914 348 3963 puero,
373 3896 474 3960 gaudio]
506 3896 601 3961 Deest,
636 3892 751 3956 egoirlw
761 3890 838 3940 lodie.
851 3891 933 3940 oller:
949 3904 993 3953 ego
1011 3890 1079 3939 nodie
1095 3890 1166 3939 uiue.

65 3978 137 4044 prce:
153 3982 183 4025 ut
194 3975 239 4040 sit,
248 3975 402 4039 proegcudiu
418 3975 545 4022 Donatus.
639 3980 677 4019 ts.
690 3971 730 4017 lt.
739 3980 827 4017 omues
836 3963 1062 4026 omittunteljan.
1079 3979 1115 4014 vs.
1125 3970 1166 4016 14.

104 4053 188 4116 Lupus
208 4053 234 4101 in
248 4051 346 4114 subulo]
371 4049 474 4099 Sileulii
493 4044 602 4097 indictio
638 4058 721 4093 uuus:
738 4048 789 4091 turn
797 4057 807 4100 ‚·
825 4042 900 4102 ulter,
910 4045 1003 4090 tontum
1020 4053 1066 4103 pro
1079 4029 1171 4089 teleneu.¹

69 4135 112 4179 est
124 4129 150 4176 in
161 4127 210 4176 hoc
221 4127 358 4191 prouerbio
368 4140 375 4171 ι
386 4129 464 4188 utque
475 4120 603 4187 eiusmodi
639 4134 677 4171 vs.
696 4123 736 4168 1⁷.
752 4131 840 4167 omues
850 4115 983 4179 omittunt,
995 4116 1054 4165 lem.
1072 4129 1116 4184 ⁴vs.
1127 4119 1168 4166 22.

70 4201 187 4266 silentiu,
199 4202 240 4251 vel
250 4202 277 4250 iu
288 4200 345 4266 ipso
356 4199 445 4262 verbo,
455 4203 486 4250 ut
496 4199 555 4262 ipsc
564 4195 603 4246 fc·
640 4194 708 4246 duo:
734 4192 858 4259 prodiisse.
881 4205 986 4242 omuesr
1007 4190 1167 4251 fortunent.
