2676 4710
114 280 201 345 1256
468 296 572 341 surm
597 294 795 341 r'nrrronuu
822 295 860 342 tu

114 439 159 498 ris,
180 436 251 499 cnjus
271 436 383 499 primns:
410 435 527 499 ejusdem
545 441 572 485 et
591 442 641 484 ter·
682 436 747 484 bona
759 436 873 486 locutio:
894 443 922 486 ut
939 435 960 484 si
978 435 1060 497 dicas,
1081 434 1165 483 Verba
1178 434 1209 485 nd

113 516 184 563 tius:
209 516 245 562 its
258 521 286 562 ut
303 514 327 561 in
340 513 423 577 prima
433 512 495 561 sede
507 514 541 562 sit
553 513 642 576 dacty-
681 526 733 561 rem
743 513 861 575 contulit,
871 514 919 561 lroc
931 522 982 573 est,
993 527 1072 575 agere
1090 512 1159 577 quod
1170 511 1205 560 di·

115 594 164 651 lus,
175 592 218 655 qui
236 591 323 654 capiat
336 590 442 652 prltnatn
455 589 577 653 syllabam
588 591 641 639 slir-
680 589 756 638 cebet
768 598 963 652 aggressusest.
977 590 1055 639 Idem.

115 668 193 716 tionis
204 682 253 726 ego.
265 664 391 714 sectmdus
403 666 501 728 pariter
510 666 643 730 dactylus,
713 671 727 715 t
744 667 784 715 Au
802 673 853 716 ore?
868 667 926 731 quii
942 669 1009 732 quoti
1020 666 1095 730 istac]
1112 667 1149 717 Et
1159 680 1208 719 rut·

115 744 208 794 tertius
226 750 253 790 et
275 749 381 803 quartus
401 742 518 793 trocheis
539 743 642 807 quintus
681 743 794 802 ticus‚ot
806 743 919 806 timidus,
938 751 967 793 et
979 743 1080 806 pudens
1101 758 1208 795 comust-

116 819 155 868 sel
169 824 315 881 anapaestus
326 817 428 882 abjecto
444 833 471 882 p,
483 834 515 867 ex
533 819 644 882 ineptias,
682 825 723 868 tus
735 826 774 866 est
784 819 961 869 Meretrioulae
972 820 1052 869 dicto.
1071 819 1148 870 Idem.

116 896 157 945 vel
169 896 301 955 trocheus,
312 901 356 944 aui
373 896 435 945 eliso
456 912 477 956 s,
489 912 521 945 ex
532 912 560 945 so
572 911 645 957 voce,
712 893 752 941 dd
764 899 814 943 mei
829 898 884 957 quit
908 898 975 958 orosi
992 896 1067 959 istac]
1085 896 1156 945 Mire
1167 910 1209 947 ex·

115 975 161 1019 aut
171 970 282 1032 legendo
294 970 416 1032 ineptiam,
429 977 457 1020 ut
474 979 514 1020 est
532 972 558 1020 in
577 972 644 1020 libro
681 972 776 1034 pressit
792 972 877 1022 Poeta
892 974 1114 1037 perturbationem
1126 974 1209 1024 adole·

114 1047 291 1108 Bembino,et
308 1046 387 1096 fuisse
404 1048 429 1095 in
447 1047 597 1096 victoriano
615 1055 643 1097 et
681 1048 878 1111 scentisparum
895 1051 988 1099 assueti
1000 1052 1094 1112 turbis,
1105 1058 1134 1100 et
1146 1051 1209 1101 timi·

117 1125 260 1174 llecurtato
279 1138 312 1172 ex
332 1138 422 1173 rasura
441 1124 537 1173 ultimae
548 1124 643 1174 litterae
681 1123 769 1172 dioris.
788 1125 855 1187 qmsi
868 1126 937 1174 istae.
951 1120 1070 1190 Guyetos
1083 1127 1210 1191 supplete

116 1207 234 1263 apparet.
260 1209 368 1263 quartus
388 1200 450 1249 item
470 1214 557 1249 sersus
575 1201 644 1263 ejus·
680 1200 799 1248 metm.
824 1200 899 1249 Thais
932 1208 1069 1267 antequem
1096 1202 1211 1253 absolut

117 1274 231 1325 demmet
248 1283 288 1325 est
304 1275 413 1339 generis,
426 1276 463 1325 ita
474 1281 502 1325 ut
514 1276 644 1340 dactylum
681 1276 833 1343 orationem,
854 1279 1003 1342 respondet.
1022 1279 1080 1343 pain
1095 1280 1210 1342 denar.

117 1352 143 1402 in
167 1353 247 1402 tertis
269 1353 331 1403 sede
355 1353 459 1413 habent,
477 1353 541 1402 eliso
563 1368 587 1402 m
610 1367 643 1402 ex
681 1352 810 1403 Boeeierus.

116 1428 188 1486 euim,
200 1429 315 1493 qrtsmvis
335 1437 460 1493 sequente
480 1435 644 1479 consonante.
714 1428 789 1484 Quasi
800 1428 872 1493 utre]
888 1429 1154 1495 Aposiopesuoomt
1164 1442 1211 1495 spa

117 1506 184 1557 Item
197 1509 310 1572 quintus,
322 1508 564 1574 sextus,septimus‚
574 1514 644 1557 octa·
681 1505 748 1556 istuc
759 1508 949 1557 commoverim·
966 1508 1110 1558 mehias.

119 1600 174 1647 rus,
184 1593 212 1635 et
223 1584 353 1646 decimum
372 1600 453 1635 nonus
465 1600 526 1635 vero
537 1585 645 1634 trochai-
716 1583 779 1640 Quin
789 1584 897 1633 damtibi
907 1599 1010 1635 sororem
1016 1580 1213 1647 madeoreddart]

117 1677 162 1712 cus
183 1663 293 1713 dimeter
311 1662 488 1723 catalecticus,
507 1664 548 1710 sel
566 1663 646 1710 etiam
684 1660 744 1717 Quoe
764 1660 831 1708 enim
852 1658 930 1710 Thais
951 1660 1059 1723 cupiebat
1079 1662 1110 1708 de
1136 1673 1213 1709 sorore

119 1737 241 1786 iambicus
253 1737 361 1787 dimeter
372 1738 566 1798 acatalecticus,
574 1740 594 1787 si
608 1747 645 1787 ta·
683 1738 812 1785 Chremeti
824 1736 939 1798 inditore,
949 1738 980 1784 od
996 1752 1049 1785 eoru
1063 1751 1115 1785 rens
1125 1739 1216 1798 tenpus

60 1826 67 1839 ¹
120 1830 177 1865 men
190 1815 346 1876 immehem,
357 1829 407 1862 nou
419 1813 462 1863 tint
473 1816 579 1864 collisio.
600 1829 646 1863 uu·
682 1819 789 1861 moeret
811 1814 836 1860 in
856 1813 930 1861 domo
950 1813 1099 1861 militiszet
1116 1817 1215 1874 coptos

118 1889 235 1938 decimus
246 1891 391 1939 trochaicus
412 1898 563 1942 tetrameter
573 1899 645 1940 outn-
684 1903 741 1937 cum
764 1889 930 1938 adolescente
952 1902 1084 1937 sermones
1099 1888 1214 1951 jurgium

119 1954 237 2015 lecticus.
254 1965 370 2014 Fuimus.
684 1965 830 2027 interrupit.
848 1979 926 2027 supra
942 1978 982 2013 tv.
994 1968 1018 2012 l.
1034 1964 1126 2027 itaque
1138 1974 1215 2023 nune,

151 2046 166 2091 2
183 2041 260 2103 Atqui
270 2041 292 2089 si
302 2042 368 2090 iilum
379 2041 456 2102 digito
467 2043 577 2104 attigerit
588 2043 646 2106 arro]
684 2041 846 2102 urgentibus,
858 2055 913 2103 quae
926 2039 1108 2098 imminebant,
1118 2038 1216 2099 litibus,

121 2115 205 2164 Moris
228 2117 439 2167 comminantium
466 2127 516 2181 ρει,
537 2120 570 2169 gd
592 2122 648 2170 021.
685 2114 815 2164 Chremeti
839 2129 951 2162 sororem
969 2114 1076 2176 indicat,
1096 2121 1125 2162 et
1143 2111 1217 2163 resti·

121 2206 199 2254 guum
217 2206 338 2240 revocare
350 2194 491 2257 commissa,
502 2211 559 2261 quae
570 2211 599 2245 se
611 2196 647 2245 ul·
686 2191 752 2250 toit;
771 2200 798 2238 ut
810 2190 932 2239 solvemus
951 2190 1060 2239 militem
1076 2189 1133 2253 jam
1144 2201 1223 2237 snam>

121 2278 192 2318 turos
204 2269 358 2332 predicent.
375 2271 493 2322 Dotsotss.
686 2267 816 2328 negotium
825 2266 869 2312 ille
881 2279 971 2327 gerere
981 2271 1078 2326 posset.
1088 2275 1217 2313 comman-

155 2345 225 2394 Oculi
235 2346 300 2394 illico
311 2346 467 2411 ffodientur]
478 2349 513 2398 Et
520 2347 649 2399 foemineae
685 2341 732 2391 dnt
741 2349 826 2390 tamen
844 2356 916 2389 suum
937 2339 1090 2388 beneficium
1102 2339 1181 2389 Thais
1190 2338 1217 2389 lu

122 2421 197 2471 minae
217 2431 287 2483 sunt,
306 2431 333 2472 et
352 2424 377 2472 in
400 2424 551 2474 libidinosos
572 2438 649 2488 quam
686 2418 802 2480 bscipsa
814 2415 996 2465 festinatione:
1014 2416 1154 2479 mntmqos
1168 2412 1219 2465 ribi

121 2499 239 2547 maxime,
250 2514 309 2548 nam
318 2501 385 2549 hunc
396 2502 543 2564 „uspicamf
553 2511 649 2552 amaro.
685 2493 817 2543 laboribus
830 2492 933 2541 stetisse
948 2492 1014 2540 hanc
1026 2506 1082 2540 rem
1094 2489 1218 2540 ostendit.

122 2586 176 2620 renr
189 2586 247 2621 esse
259 2573 371 2635 virginis.
403 2575 447 2623 Sic
466 2583 494 2624 et
513 2575 599 2636 olibi,‘
614 2576 650 2624 Ut
687 2570 811 2619 Chremes
824 2570 855 2619 ad
874 2571 1030 2619 mentionem
1053 2568 1163 2631 sororis,
1175 2581 1219 2617 ex·

122 2660 169 2707 ego
180 2645 308 2708 unguibus
319 2645 395 2694 facile
410 2647 447 2697 illi
465 2649 491 2697 in
511 2651 597 2698 oculos
611 2651 649 2698 in·
688 2647 835 2709 pertatioue
853 2660 1002 2709 suspensus,
1010 2645 1051 2694 ahi
1069 2661 1097 2693 ea
1113 2649 1167 2694 esti
1181 2644 1218 2693 ln-

123 2719 207 2767 volem
230 2719 361 2770 venefico!
402 2719 433 2770 tn
455 2725 541 2772 oculos
563 2733 650 2774 autem
687 2722 753 2784 quit.
765 2730 791 2770 et
801 2737 858 2771 cunt
868 2721 944 2770 Thais
961 2720 1145 2782 responderet,
1159 2718 1220 2771 dcvi

123 2794 233 2843 maxime
243 2795 335 2844 saerire
346 2793 507 2859 itemlnas,et
518 2800 650 2863 tragoediis
687 2799 793 2860 opums
803 2813 812 2855 ,⁶
830 2795 960 2857 confusus,
971 2795 1044 2846 item!
1066 2797 1103 2845 ait
1114 2812 1123 2855 ;
1138 2800 1219 2845 metu·

121 2871 177 2923 iere
189 2888 286 2934 omnes,
304 2880 332 2924 et
350 2876 484 2926 comoediae
504 2884 650 2943 protestans·
689 2888 788 2935 eus,ne
808 2872 900 2936 pudori
919 2873 976 2935 ejus
993 2872 1060 2921 male
1072 2873 1220 2923 consultum

124 2956 174 3000 tur.
189 2951 308 3001 Donatus.
690 2951 716 2999 in
725 2949 802 2999 domo
819 2949 963 2997 meretricis
982 2955 1059 2997 esset.
1080 2963 1131 3013 quo
1149 2954 1220 2999 ructu

157 3028 311 3092 Ocuiiiiiico]
322 3028 402 3079 Minae
412 3028 570 3093 Amazoniu,
582 3031 651 3095 apud
690 3041 750 3075 mox
773 3041 831 3075 eum
854 3025 949 3074 liberat
965 3024 1060 3075 Thais:
1088 3026 1147 3088 qaid
1168 3028 1221 3077 etti

125 3102 252 3152 Comicos.
267 3103 353 3153 Pisut.
365 3102 425 3153 Aul.
444 3114 496 3156 act.
508 3120 526 3156 1.
541 3122 579 3156 sc.
592 3112 614 3159 1.
625 3115 653 3158 et
692 3104 751 3166 qnid
763 3102 941 3166 perturbaris?
953 3103 1166 3152 eductoestsoror
1177 3108 1221 3153 tna

124 3190 154 3226 rr.
166 3181 190 3224 2.
198 3176 269 3226 Trin.
281 3191 314 3226 11.
333 3194 367 3229 sc.
374 3185 397 3230 4.
416 3181 555 3232 Foruohius.
690 3181 736 3239 ito,
746 3180 782 3228 uti
794 3185 862 3242 teque
872 3179 957 3240 ilioque
966 3177 1067 3238 dignam
1087 3183 1132 3227 eat.
1150 3176 1221 3242 qood

157 3257 171 3302 3
194 3253 272 3316 Usque
282 3256 339 3303 odeo
354 3271 397 3317 rgo
408 3257 472 3306 iilius
483 3258 549 3320 ferre
558 3275 652 3324 possum
691 3256 815 3306 adversus
825 3255 986 3304 dubitantem
996 3252 1065 3316 (quid
1079 3252 1148 3317 otor)
1161 3266 1222 3307 mut

124 3330 234 3394 ineptius,
245 3335 269 3380 et
280 3332 406 3397 mugs'fiso
417 3334 498 3397 serbo]
509 3337 568 3385 Non
578 3337 654 3398 dixit,
691 3332 797 3394 amplius
819 3331 969 3380 confirmat:
996 3330 1023 3377 id
1042 3331 1105 3393 qood
1123 3344 1162 3379 res
1179 3332 1222 3381 ed.

127 3407 216 3471 Usque
239 3408 304 3456 adeo
334 3407 404 3456 illum
426 3424 530 3473 possum
550 3426 652 3462 amores
691 3408 834 3456 Boecletut·

126 3487 183 3546 sed,
198 3501 273 3550 quatu
290 3486 401 3535 insuavis
416 3488 471 3550 jam
490 3488 535 3537 din
556 3489 601 3550 sit,
613 3503 653 3538 os·
723 3485 902 3546 eliceretque
923 3481 1056 3543 industrwdi
1075 3495 1129 3531 sum
1148 3481 1225 3545 atita

127 3561 219 3623 tendit,
239 3561 359 3624 dicendo,
388 3563 460 3615 Ferre
480 3579 584 3627 possam
618 3567 654 3617 Et
688 3562 769 3626 posen]
788 3558 1002 3610 Mulier-facunda
1014 3558 1154 3621 Meretrix,
1164 3558 1222 3620 ¹¹⁸¹?

125 3634 654 3699 citoostendit,qutesitamicitiuMilitis.
691 3639 804 3700 imputat
826 3633 983 3685 adolescenti
1008 3648 1066 3696 quoe
1091 3632 1168 3697 vidit,
1194 3638 1224 3684 nt

129 3711 243 3774 ineptius,
271 3712 364 3776 inquit,
384 3717 408 3761 et
428 3712 554 3778 umguificn
576 3715 655 3767 serbo.
692 3714 742 3763 alla
752 3711 844 3775 quibus
854 3708 980 3759 interfuit.
996 3710 1115 3759 Donamus.

128 3790 255 3839 Donatus.
727 3790 832 3840 Reddere
841 3792 866 3837 st
874 3784 1009 3847 restituere]
1019 3786 1225 3849 Propriaredii·

159 3870 174 3915 d
196 3866 272 3918 Verbo
291 3867 347 3916 dum
363 3864 424 3930 siut]
449 3867 509 3918 Hoc
528 3874 578 3931 est,
596 3883 655 3933 quae
691 3873 732 3919 tor
751 3863 924 3929 cupientibus,
944 3869 974 3910 nt
992 3861 1096 3911 domino
1115 3876 1223 3915 samur

129 3942 612 3994 vimnonadimisceantrerum.1dem.
691 3942 828 3993 restituitur
844 3938 961 4001 cupiens,
979 3944 1007 3986 ut
1025 3937 1120 4000 patriae
1143 3939 1222 3991 civis:

166 4018 251 4067 Verum
277 4021 339 4070 euim
358 4020 380 4070 si
399 4020 657 4083 circumsistentes,
692 4020 808 4078 redditor,
826 4024 853 4065 et
870 4010 1137 4076 rutitutur,cupiens
1153 4014 1225 4081 cupi·

128 4094 258 4157 copulabit]
275 4096 303 4144 Si
322 4095 471 4146 discesserit
488 4097 610 4162 acerbis,
628 4107 656 4149 et
693 4094 806 4150 entibus,
816 4098 846 4141 ut
858 4087 1046 4154 parentitibus.
1060 4089 1132 4154 Ergo
1142 4089 1225 4143 inune

129 4182 184 4220 rem
193 4173 305 4235 experiri
315 4173 434 4237 coeperit,
445 4172 587 4237 vapulabit.
620 4176 656 4227 Et
694 4181 831 4237 utrumque
841 4176 892 4231 est,
902 4174 930 4217 et
938 4164 1012 4217 reddi
1020 4170 1049 4217 et
1059 4165 1224 4223 reseruati.
