2670 4702
196 301 283 369 1490
400 320 496 363 .·.1‘.‘
542 314 944 394 snunvsaroeuusn
981 290 1020 336 7
1080 352 1084 360 .

197 468 257 511 tate
277 459 371 510 umus
387 458 470 522 exire,
492 457 724 523 pudore'eornnro*
762 459 847 526 ehiue',
866 460 916 512 hie'
928 460 1074 526 possides?
1089 462 1092 468 ‘
1106 461 1159 520 set-
1172 461 1274 529 ‘Pacem

198 537 332 588 vcri‘euur
353 536 478 600 oportuit.
499 549 558 585 curn
578 536 724 598 presertim
762 538 1250 601 tepoacisnnsomues‚'furne.'..1deur.⁴
1272 558 1285 585 r.

196 610 308 681 cupidus
319 622 387 664 esset
402 611 573 662 convincendi
584 612 725 661 Micionem
765 636 779 655 ·.
795 613 910 676 Nestorii
920 615 997 663 mur
1012 615 1278 679 commeatuum

198 693 233 743 de
255 693 351 741 rioiuta
372 688 567 749 conventione3
589 688 725 752 neque-de
761 689 1279 754 atcaae]Ant‚-'nem‚uutqrsiabundauet

197 768 308 818 victoria
319 766 470 825 dubitaret3
486 765 602 829 adeoque
619 763 652 813 ad
668 777 725 813 eam
763 773 804 816 est
814 765 887 824 ordo,
905 767 957 818 Qui
967 768 1052 816 miuus
1063 780 1170 831 aequun
1181 770 1280 816 estesse

196 843 373 903 obtinendam,
388 855 540 905 quoeunque
551 841 633 890 Micio
646 841 727 890 veliet
762 841 831 891 idem
839 843 882 905 Jus
892 843 965 904 milri,
975 846 1026 894 dtu.
1060 842 1113 898 Qui
1130 843 1203 906 ergo,
1213 856 1281 907 quare

197 918 275 968 ruodo
291 916 341 966 hoc
352 914 485 978 specimen
496 915 577 978 cerui,
588 915 727 968 contende·
764 919 805 967 rei
817 917 1103 980 corripientium.
1277 951 1279 956 ·

196 999 247 1044 ret.
280 993 316 1042 Et
332 1005 395 1043 sane
413 992 516 1044 Demee
535 1006 614 1041 causa
633 997 662 1041 et
682 1006 726 1042 ac·
764 991 780 1043 ι’
795 993 1016 1057 Numquidmiaus
1032 995 1096 1044 miii
1114 994 1288 1059 idem'iuraep

197 1068 269 1120 uene
291 1068 339 1119 isac
360 1073 417 1117 tota
437 1067 555 1133 superior
574 1075 634 1118 est:
653 1069 727 1132 cujus
761 1070 921 1134 marmora]
929 1070 1083 1135 AEquissima
1093 1071 1172 1121 ratio.
1182 1070 1282 1120 couven-

196 1143 356 1208 argumentis
378 1144 468 1194 solidis
493 1150 521 1195 et
542 1145 604 1208 jure
627 1144 726 1207 optimo
763 1145 799 1195 tio
823 1146 1081 1210 enim'reciproeanr
1108 1147 1282 1212 obligationem

196 1221 273 1279 nixis,
294 1220 375 1269 Micio
392 1220 525 1283 ambages,
542 1227 569 1270 et
587 1218 681 1283 figures
698 1224 726 1267 et
762 1220 871 1272 inducit.
887 1223 1011 1272 convenit
1026 1223 1101 1272 inter:
1116 1237 1175 1284 nos,
1196 1230 1224 1272 ut
1242 1236 1282 1288 epo

197 1296 262 1360 σοφὰ
272 1295 383 1360 φάρμακα
391 1296 508 1360 opponit.
528 1296 661 1345 Boecierue.
762 1296 811 1347 hoc
820 1296 922 1360 faciam,
932 1306 963 1348 tn
973 1299 1037 1348 illud
1051 1298 1148 1348 facias.
1160 1300 1186 1348 iu
1197 1294 1282 1348 buci·

197 1401 202 1407 -
231 1377 263 1423 lo
287 1373 350 1422 Rern
369 1372 445 1436 prom
464 1370 583 1434 monuo]
611 1370 726 1420 Videtur
763 1373 821 1424 dem
832 1373 951 1426 dediiuus
960 1381 988 1425 et
997 1375 1159 1440 accepimns.
1168 1382 1198 1425 tu
1207 1382 1283 1439 postr-

197 1451 276 1515 paulo
303 1449 380 1500 citius
405 1448 625 1510 destomaeisatur‚
649 1461 724 1512 quam
761 1450 808 1519 ias,
828 1457 858 1499 nt
876 1465 995 1510 servemu
1009 1465 1068 1516 quse
1091 1451 1192 1515 recepi.
1212 1458 1284 1502 secter

196 1541 239 1577 res
258 1527 337 1576 etium
357 1525 466 1575 incertre
486 1523 640 1587 poscebant.
673 1521 724 1571 Sed
761 1525 875 1579 sednon
885 1525 1010 1576 deteriori
1024 1527 1088 1590 jure
1107 1527 1212 1591 exigam
1227 1533 1281 1590 ate,

198 1608 227 1652 et
246 1602 296 1651 hoe
323 1602 445 1650 morale:
473 1613 531 1648 nam
553 1599 626 1662 juste
654 1598 724 1662 irati,
761 1606 833 1651 uttn
850 1615 952 1666 quoqne
969 1607 1070 1663 serres,
1085 1615 1146 1665 qua
1163 1601 1284 1664 recepisti.

197 1678 291 1728 oniam
317 1676 426 1737 sevitia,
453 1674 487 1724 ad
514 1675 724 1727 ratiocinationes
761 1679 878 1727 naturaie
895 1678 962 1727 enim
979 1684 1030 1739 est,
1046 1677 1283 1727 nnciuvieemru·

197 1767 270 1818 saepe
280 1751 415 1802 festinant.
426 1756 454 1800 et
465 1757 596 1813 prreterea
606 1751 669 1800 iilud
681 1766 723 1800 ac·
762 1752 826 1803 iere.
859 1753 924 1802 Vnit
940 1753 1043 1802 Demea
1059 1767 1110 1816 par
1125 1750 1283 1816 parirefure

196 1829 280 1890 cedit,
299 1827 369 1893 quod
389 1840 440 1876 non
458 1826 557 1876 invenit
572 1827 640 1889 jaus,
657 1825 727 1892 quod
762 1826 881 1876 Micioni.
892 1827 965 1891 qussi
986 1828 1152 1891 ita'ageret'r
1169 1834 1284 1877 tuentes

196 1905 325 1969 condigne
337 1905 425 1955 dieat:
442 1902 518 1952 simul
530 1903 676 1966 etiamquia
687 1902 726 1951 iu·
761 1902 892 1952 accusasti
902 1901 1032 1967 mequod
1047 1903 1284 1966 compactionem

197 1984 314 2049 crepitus
332 1987 373 2031 est
389 1996 405 2030 a
423 1978 514 2037 fratre,
530 1978 600 2044 quod
611 1979 682 2042 apud
698 1993 726 2030 se
763 1977 885 2028 internos
898 1979 1152 2029 initem'AEseuiuum
1160 1981 1283 2038 emarcui

192 2059 248 2123 jam
258 2074 310 2108 uon
321 2059 356 2108 sit
366 2071 414 2121 per
420 2054 579 2106 iracundiam
589 2055 727 2104 vehemen·
763 2053 833 2118 quod
847 2055 969 2119 equidem
990 2056 1156 2119 propositum
1165 2056 1225 2105 mihi
1241 2068 1284 2114 nou

198 2140 261 2185 tem.
278 2135 398 2182 Dotatae
440 2145 444 2157 ¹
763 2127 824 2192 tuit,
839 2130 885 2179 sed
895 2128 1006 2180 naturali
1017 2129 1224 2181 tantumaffectu
1232 2131 1284 2195 hut·

231 2210 293 2258 Rem
308 2209 395 2271 ipson
417 2205 538 2273 mutua]
566 2206 728 2261 Tractemnn
765 2210 838 2255 tante
853 2205 886 2255 de
900 2204 970 2255 fama
983 2212 1017 2256 et
1032 2205 1285 2270 vitaejnsperumui.

197 2301 351 2353 purgemus.
374 2300 434 2336 uam
461 2292 490 2336 et
513 2284 573 2334 hine
592 2282 726 2348 petonunu,
763 2281 904 2332 Tuautem
922 2296 991 2332 nuuc
1010 2283 1198 2346 Ctesiphonem
1212 2281 1285 2342 filiun

197 2370 370 2429 purgamenta
387 2362 459 2412 dicta
481 2366 557 2411 sunt:
577 2360 726 2409 utPlautus
764 2370 858 2412 meum,
890 2357 934 2421 qui
968 2356 1089 2421 ejusdem
1103 2357 1285 2409 ,conventionis

196 2441 224 2490 iu
253 2439 372 2503 Captivis
398 2440 444 2499 ait,
469 2437 620 2486 ‘Nueieum
644 2434 726 2492 amisi,
764 2431 869 2496 legend
886 2441 913 2482 te
929 2432 992 2494 ulisii
1007 2433 1152 2491 attinebat,
1164 2440 1285 2499 receptes,

197 2516 293 2565 retinui
310 2514 414 2578 pignori
430 2510 581 2577 putamina!
614 2512 649 2561 Et
666 2510 727 2559 Vir·
763 2507 946 2573 licentiamque
955 2509 1052 2573 ejuset
1062 2510 1285 2574 autoretadjnres.

197 2591 285 2654 gilius,
302 2591 406 2640 ‘Multa
422 2591 532 2652 puteus:
548 2586 642 2650 iuquit.
674 2585 727 2634 Pe·
764 2582 792 2633 id
810 2590 860 2646 est,
876 2585 950 2648 cujus
965 2585 1107 2649 mecuipse
1121 2585 1285 2637 voluistiiosi·

198 2671 250 2715 tore
260 2665 374 2728 proprie,
393 2669 432 2713 est
448 2662 514 2712 salsa
530 2669 558 2712 et
571 2675 672 2711 onssaa
682 2675 727 2711 ve·
764 2660 872 2721 meiere,
882 2675 937 2710 eam
949 2661 1017 2710 ultro
1028 2668 1056 2710 et
1066 2660 1213 2713 manifesto
1228 2675 1285 2713 eeu·

196 2741 235 2789 ris
245 2748 273 2790 et
289 2739 395 2788 utiiibnr
416 2751 544 2788 resecare.
564 2737 632 2787 unde
651 2736 727 2787 erbo·
764 2736 934 2801 nituerunt
943 2751 1005 2787 vero
1012 2737 1060 2789 tibi
1072 2739 1203 2791 recedere
1213 2752 1284 2804 apae·

147 2864 160 2883 ¹4,
198 2831 255 2866 rum
277 2820 434 2879 purgatores
453 2817 580 2877 potatores.
612 2815 648 2863 Et
667 2828 726 2875 rem,
764 2812 1284 2879 tislioeretquibusutegostaremfisu·

175 2896 302 2963 'fetosam
311 2890 452 2955 ipsamlitis
462 2887 592 2940 ostendit:
604 2894 643 2950 ut,
651 2888 726 2938 ίΜίι·
763 2891 856 2952 tepere
867 2888 990 2951 exegisti.

198 2973 225 3017 te
236 2967 381 3031 ist'a‚atque
392 2965 492 3016 adrem
504 2963 578 3014 redi!
592 2965 668 3014 Idem.
763 3012 767 3021 ,
794 2963 865 3013 Ecce
876 2964 944 3014 enim
956 2963 1018 3029 quid
1035 2966 1183 3029 respondet
1199 2965 1286 3018 Micio?

231 3044 293 3095 Rene
306 3044 384 3106 ipsun
395 3041 515 3107 poturo]
535 3040 682 3090 Redeamus
698 3045 726 3091 et
762 3038 912 3088 auctoritati
922 3038 1287 3106 conventionis,queedistiur·

196 3119 233 3170 ad
243 3121 366 3183 calculos,
383 3119 471 3183 reique
493 3116 575 3182 ipsius
592 3117 663 3166 inter
679 3131 726 3166 uos
760 3120 821 3164 crat
840 3113 1066 3178 mamiliorum,
1083 3116 1204 3168 obvertit
1219 3122 1285 3170 ‚rcus

198 3204 285 3261 pectre
306 3201 489 3259 computemus
511 3192 634 3244 rationes.
653 3193 725 3243 ‘Ne
762 3188 825 3247 illud
838 3189 960 3239 verbum:
979 3190 1224 3247 ‘Communiaesse
1233 3191 1286 3242 aui·

198 3285 250 3337 que
261 3270 327 3321 enim
336 3270 445 3335 piacet;
462 3268 531 3333 quod
547 3282 634 3318 omues
645 3268 725 3318 inter·
762 3278 852 3317 corum
863 3265 932 3316 inter
943 3280 971 3315 se
983 3265 1096 3321 omnia',
1105 3269 1180 3332 quod
1193 3269 1287 3320 cicero·

198 3352 346 3410 pretiantur,
373 3351 544 3409 amputemus,
578 3358 726 3411 purgemus.
762 3343 790 3392 ui
820 3343 974 3394 Grecorunr
996 3345 1172 3407 proverbium
1198 3347 1285 3400 dieitur

197 3421 317 3486 Metaph.
344 3422 377 3471 ab
411 3421 532 3471 arborum
560 3420 727 3484 putatoribus
763 3419 873 3473 0ffic.r.
892 3426 931 3472 16.
948 3428 976 3472 et
994 3423 1170 3490 Pythagorea
1188 3438 1245 3487 vox,
1259 3421 1287 3472 ri

94 3526 103 3536 ν
198 3495 296 3551 ducto·'
312 3496 456 3549 famaue.
608 3526 611 3531 ·
761 3501 809 3548 rer
828 3496 904 3561 eum
915 3497 990 3560 κοινὰ,
1005 3498 1039 3548 de
1056 3499 1152 3566 segis.
1163 3514 1184 3551 ι.
1191 3504 1234 3550 12.
1243 3513 1287 3549 uon

174 3590 180 3597 ·
231 3578 261 3624 ll
280 3574 320 3623 Ne
336 3578 364 3624 tu
380 3572 576 3636 mroresmecm]
592 3572 725 3629 Naurum·
763 3575 1029 3638 simplicissimam
1049 3588 1139 3639 neque
1157 3577 1191 3626 ad
1210 3575 1286 3626 omnia

197 3649 245 3702 bos
270 3664 372 3712 curare,
390 3649 575 3713 propemodum
588 3663 726 3712 reposcere
763 3650 818 3698 hec
829 3649 959 3700 sententia
976 3656 1064 3714 potest
1082 3652 1201 3711 extendi,
1219 3651 1287 3707 adeo·

197 3726 271 3776 iilum
282 3732 417 3789 est,quem
429 3724 669 3775 dedistitDonotru.
697 3791 699 3794 Α
763 3742 813 3792 qne
824 3728 873 3782 hoc
887 3734 927 3778 est
943 3726 1045 3779 καθόλου
1062 3727 1097 3789 μὴ
1108 3728 1285 3791 tacendae

231 3804 264 3851 12
274 3849 277 3855 ,
287 3801 387 3852 Factum
413 3799 461 3862 est]
482 3798 611 3862 Apparet,
632 3799 727 3851 Micio·
763 3801 842 3853 circio·
854 3818 938 3868 neque
948 3805 1133 3855 conventioita
1140 3805 1284 3858 nummi.

199 3890 258 3926 nenr
273 3875 382 3925 invitum
393 3874 497 3938 qrridem
519 3872 608 3935 fateri,
625 3875 672 3925 sed
688 3873 727 3925 fs·
765 3880 860 3944 qnaeeh
869 3881 919 3930 hac
926 3882 1016 3943 regula
1025 3889 1174 3944 exceperat
1182 3879 1286 3944 discipli·

199 3964 260 4007 cete
270 3962 435 4007 contemnere
446 3955 560 4018 objecta.
575 3954 651 4006 Idem.
764 3971 822 4006 uam
833 3948 953 4019 filiorum,
964 3970 996 4005 ne
1005 3970 1054 4020 pro
1071 3958 1203 4008 communi
1218 3969 1284 4005 cura·

134 4083 136 4095 Α
232 4036 265 4081 ld
283 4033 333 4081 Cur
343 4031 401 4093 ensis
410 4030 518 4092 mom,
528 4030 618 4093 Micio]
640 4031 727 4080 Iucia·
763 4041 845 4083 retur.
866 4033 940 4083 unde·
954 4033 1049 4083 iterum
1061 4033 1126 4097 jure
1138 4032 1285 4085 nititurDe·

200 4109 280 4157 natio
289 4109 340 4159 ista
351 4108 470 4170 nominis,
479 4121 596 4170 maguam
605 4108 726 4158 iuvidiam
763 4122 832 4174 mea,
841 4125 899 4160 cum
911 4102 1060 4174 respondet,
1071 4111 1212 4163 ridiculum
1228 4122 1284 4170 aesc,

198 4182 337 4246 significet.
380 4185 426 4246 Ut,
458 4183 639 4247 ‘neptuniae
670 4185 726 4235 AEs·
764 4187 946 4238 uuundemum
960 4201 992 4239 ee
1005 4184 1113 4239 afferre.
1128 4188 1282 4255 presten-
