2676 4710
278 346 458 396 rnnunrrr
487 343 651 394 annone.
675 344 757 392 ror.
782 344 806 393 r.
829 343 881 392 sc.
907 345 929 391 r.
1052 327 1140 401 1393

35 505 81 542 ,ια
98 491 204 541 Circuo:
223 495 250 540 et
266 490 330 541 itenr
346 490 448 541 rimille.
479 489 578 554 loqui·
614 488 908 551 tersioracem,'quem
923 485 1015 536 abesae
1029 499 1082 536 non
1100 501 1139 538 re·

44 567 242 618 nonsummum
266 567 358 617 Poetae
380 566 469 616 vitium
488 573 537 628 eat,
556 566 578 614 ri
614 563 956 628 apondendointelleximur.
972 563 1091 613 Donotar.

44 643 112 708 qnid
132 657 147 691 e
170 642 299 691 contrario
319 655 461 705 repugnans
477 647 579 690 contra·
648 638 841 700 Qaiodoem]
857 639 967 700 Proprie
980 638 1081 688 locutus
1092 645 1142 690 ert.

45 720 117 771 rium
129 717 308 782 diversumque
319 717 464 781 protulerit,
473 716 522 764 nioi
532 730 580 778 per
615 714 683 764 Nam
694 715 849 762 amomum
859 713 988 762 dicuntur.
1006 715 1081 763 Idem.

45 793 189 856 dnlppoou
196 808 288 842 nomen
298 794 450 857 imposuerit
455 792 579 856 joculari·
648 791 743 853 lerunt]
759 790 892 841 Producte
907 790 1141 852 Ipronnutiando:

46 876 101 933 ter,
119 876 147 918 ut
162 868 349 931 Mirargyrideo
369 868 394 916 in
413 868 506 917 Plauto
518 866 581 916 dici·
616 868 684 931 qnod
697 882 752 928 noa,
772 865 1142 928 additao‚1rerontdicimus.

35 952 95 996 'tur
116 944 252 1008 trapezita.
291 945 326 993 Et
353 943 409 993 iere
435 945 483 994 hoc
505 944 579 993 modo
615 944 680 992 'l’ale
691 949 732 991 ert
748 941 812 990 illud
823 941 940 1003 Virgilii:
957 941 1034 991 ‘Nos
1050 943 1143 991 obiitne

47 1022 120 1085 apmi
132 1022 195 1070 alios
214 1036 230 1069 o
251 1020 340 1069 Poe'tir
357 1020 462 1070 nomino
477 1035 579 1082 compo·
617 1021 677 1079 rati,
688 1026 716 1068 et
734 1025 811 1068 rento
823 1017 930 1081 petiisse
942 1017 1086 1081 Mycenae!
1105 1019 1144 1067 lo,

48 1103 148 1146 nnntur
169 1094 340 1145 describendo
364 1109 412 1158 per
434 1093 580 1157 ἄντίφρασιν,
649 1094 985 1157 &nemorumnemorum
993 1094 1145 1157 icrunt]Ad·

51 1173 123 1238 quod
139 1171 260 1234 designet
275 1172 380 1220 Storax.
414 1170 510 1220 Priore
523 1185 581 1233 par·
617 1171 779 1231 verritorom,
788 1170 832 1233 qni
840 1169 943 1218 donrino
952 1168 1014 1218 t'orir
1023 1171 1147 1230 coenanti,

51 1255 103 1304 tea,
122 1247 190 1296 aicut
209 1248 235 1296 in
257 1248 363 1310 prologo
382 1247 437 1311 ipre
455 1248 583 1310 promisit,
617 1247 696 1299 officii
708 1248 841 1307 ettotelae,
856 1248 949 1311 gratio,
964 1256 1147 1311 procerrerunt

51 1340 67 1373 a
84 1324 189 1374 senibus
208 1332 334 1386 agontur:
353 1336 460 1388 quornm
476 1329 583 1373 conten·
618 1325 728 1374 obviarn.
747 1325 889 1374 Fornaliaa.

52 1401 126 1451 tione
138 1399 170 1449 ad
183 1406 361 1462 argumentum
373 1400 465 1460 relato,
478 1399 531 1447 rite
544 1413 583 1446 aa·
651 1405 665 1449 lt
683 1400 795 1458 Profecto
811 1401 853 1448 lroc
874 1415 927 1449 uere
948 1401 1042 1464 dicum]
1064 1400 1147 1450 Abso-

53 1491 119 1542 pera
141 1491 200 1526 cum
220 1476 281 1537 leni,
300 1482 328 1524 et
347 1481 422 1539 pater
434 1476 514 1525 cornio
525 1489 583 1524 cum
618 1477 689 1526 lote:
701 1492 753 1526 non
764 1476 867 1527 addidit
880 1477 938 1531 Qut.
953 1477 1080 1526 Donatus.

53 1553 405 1614 reverissimocomparatur.
423 1551 541 1599 Donotrrt.
652 1553 682 1602 m·
700 1553 763 1601 ulcio
783 1552 884 1615 mium]
904 1551 1029 1602 Abundat
1048 1552 1148 1615 atpium,

94 1630 194 1685 Storna,
218 1643 265 1678 non
281 1628 354 1677 rediit
371 1642 459 1676 ormo
476 1627 584 1676 hornoc-
621 1636 667 1677 eut
688 1628 763 1677 deest
784 1629 913 1691 profectur,
933 1636 978 1676 not
1000 1628 1060 1691 quid
1085 1630 1148 1677 tale.

53 1712 79 1756 te
100 1705 237 1766 AEuiinar,
263 1704 344 1766 Neque
362 1703 506 1751 amulorum
522 1701 585 1765 qaia·
622 1706 845 1768 Autelinopiom:
864 1705 1150 1770 significatenimscili·

54 1797 136 1847 qaum,
154 1780 208 1843 tro]
236 1779 315 1828 Hunc
330 1780 412 1827 locum
425 1779 526 1828 Gallice
539 1793 586 1840 per
622 1788 666 1830 cet
685 1783 776 1845 utpium
794 1788 823 1830 et
842 1782 869 1830 in
886 1783 953 1842 loco,
969 1790 997 1831 et
1010 1782 1042 1830 nd
1055 1783 1149 1830 locnrn.

55 1857 286 1919 interrogationem
310 1862 396 1903 vertar
418 1868 490 1914 cave,
516 1853 585 1917 quod
622 1859 697 1906 Idem,

54 1931 157 1982 facttum
169 1932 231 1980 ecio.
254 1931 388 1979 Storacern
401 1929 524 1977 inclamat
535 1929 587 1977 Mi·
653 1933 683 1982 Si
693 1934 756 1982 alem
766 1933 867 1996 emtam,
879 1932 929 1982 Aet
940 1933 980 1982 obi
988 1934 1010 1982 et
1021 1933 1106 1996 reme]
1122 1932 1152 1982 Si

56 2007 108 2067 cio,
129 2007 173 2071 qui
202 2008 319 2055 servulus
343 2020 393 2055 nou
421 2004 535 2053 redierat
555 2019 587 2052 ea
622 2008 738 2064 eleimnd
755 2015 876 2072 parentes
897 2009 1040 2072 propitiore
1060 2009 1165 2058 Sine...

57 2092 134 2133 nocre
147 2083 260 2132 domurn.
294 2083 358 2132 Quae
379 2081 442 2130 dicit
460 2081 540 2130 Micio
554 2081 587 2130 ad
623 2101 668 2147 res,
680 2086 712 2134 ad
732 2099 838 2134 uxorem
859 2085 951 2135 iratam
972 2083 1053 2134 refert
1068 2083 1095 2132 ln
1108 2083 1153 2132 de·

56 2158 135 2215 finem
147 2173 227 2223 noque
240 2172 335 2219 scenae,
347 2173 379 2206 ea
390 2158 437 2207 sibi
450 2158 524 2219 dicit,
535 2173 588 2208 nou
625 2168 760 2209 sertorem.
778 2162 854 2208 Idem.

57 2235 171 2285 Storaci.
190 2235 277 2285 Faber.
660 2235 720 2296 Ubi]
735 2234 1014 2297 SicubiAnnrtroplre.
1034 2234 1137 2283 Fomob.

16 2323 19 2331 ·
90 2311 337 2374 StoroxJStorncern
351 2310 589 2372 vocavitnonffio·
657 2308 772 2371 onor]
799 2310 1010 2359 Subaudiendunr
1022 2316 1071 2374 ert,
1084 2310 1154 2359 Dicit

56 2388 178 2440 cirinum:
192 2402 243 2450 quo
255 2394 360 2436 tacente
373 2401 489 2450 puerum,
500 2386 526 2434 id
538 2395 588 2443 eet,
625 2387 688 2434 iroto
698 2401 767 2434 uxor.
788 2386 918 2436 Donatus.

57 2464 207 2514 AEachinrrm
230 2464 365 2514 absentem
391 2464 498 2512 credit:
528 2463 589 2526 quia
661 2464 721 2517 Quae
739 2463 764 2510 ia
782 2462 871 2524 urimo]
900 2463 985 2511 Omne
999 2461 1156 2526 quodaenll·

58 2540 157 2589 cervuli
174 2538 384 2589 adolescentibue
396 2538 590 2602 prestolamur.
627 2553 691 2600 mor,
709 2546 753 2586 ant
768 2539 920 2602 cogitamur,
931 2546 976 2588 arrt
987 2539 1109 2588 dicimur:
1128 2545 1157 2588 et

58 2616 99 2664 Ut
121 2615 147 2663 in
168 2615 279 2674 Andria,
301 2614 498 2664 ‘Observabam
515 2627 590 2661 mnne
628 2623 766 2678 utrumqne
778 2629 825 2676 pro
836 2616 952 2665 oratione
967 2623 1016 2664 ert.
1047 2616 1099 2664 Sed
1112 2616 1157 2665 illa

57 2691 162 2742 illorum
180 2691 295 2739 servulos
314 2691 457 2751 venientes,
474 2697 519 2739 aut
532 2691 591 2739 abe·
629 2691 816 2752 ἐνθυμημπικὸς,
828 2693 921 2756 qrrarin
933 2692 1091 2761 cogitationp
1103 2697 1156 2740 eet:

59 2765 156 2816 untes!
195 2767 248 2816 Sed
271 2766 331 2830 qnia
348 2765 403 2815 lieri
426 2774 540 2830 poterat,
562 2773 592 2818 ut
629 2768 834 2832 lraecopopoprrlr
852 2768 926 2829 λόγος
943 2769 1046 2829 dicitur,
1062 2768 1158 2832 quein

60 2842 166 2890 domino
176 2843 284 2890 obscure
294 2843 394 2892 adearet
403 2843 509 2902 storax,
524 2857 592 2892 cotn-
632 2845 719 2894 rerbia
732 2854 772 2894 eet
784 2846 935 2895 constituta.
957 2846 1095 2906 Virgilium
1107 2845 1159 2891 ‘Et

61 2918 210 2966 modiasirne
223 2918 336 2982 adjecit:
353 2919 464 2983 ‘Neque
479 2921 591 2968 servulo·
630 2921 691 2969 milri
697 2922 752 2983 jam
764 2921 839 2969 molti
850 2919 956 2968 crudele
967 2920 1097 2967 canebant
1109 2918 1158 2966 Ar·

61 3008 119 3042 rum
138 2993 271 3057 quitquam
288 2995 332 3057 qni
344 2993 479 3042 aduersum
492 2993 614 3045 ierunt.’.
631 2995 708 3044 tificiu
721 2995 814 3054 scelus,
830 2999 858 3041 et
875 2993 949 3042 taciti
967 3000 1077 3041 venture
1088 2991 1159 3041 vide·

62 3070 183 3118 Dounion.
598 3070 601 3074 ’
630 3068 713 3120 bant!
745 3071 779 3117 Et
790 3070 846 3131 ipre
863 3068 940 3117 alibi:
962 3068 1057 3116 ‘Nunc
1070 3069 1090 3116 oi
1104 3067 1160 3131 quir

69 3192 73 3197 .
97 3145 190 3194 Sorax
210 3160 257 3194 non
278 3144 350 3194 rediit
373 3146 417 3193 lior
435 3145 513 3207 nocte]
535 3146 594 3194 Hoc
632 3146 735 3209 estqui
758 3145 806 3193 lroc
827 3144 909 3206 dicet,
931 3151 977 3193 aut
993 3145 1031 3193 aic
1046 3142 1160 3207 cogiten‘

63 3223 109 3272 alii
129 3222 325 3285 interrogative,
343 3221 385 3270 alii
398 3222 594 3286 pronuntiative
632 3222 707 3270 Idem.

65 3298 218 3364 proferunt:
236 3300 280 3348 red
302 3300 383 3363 magis
402 3298 594 3363 pronuntiative
666 3295 779 3359 olrara]
798 3289 934 3359 zelotypa,
947 3294 1039 3343 rixosa.
1056 3294 1161 3343 Fornob.

68 3375 216 3425 dicendum.
234 3377 309 3424 Idem.
672 3372 750 3428 Quom
768 3373 811 3421 illo
832 3387 883 3434 qooe
899 3370 1019 3434 parentet]
1045 3370 1163 3420 Eruditc.

99 3451 198 3508 Sturum
220 3451 274 3514 isc]
299 3451 535 3511 interrogationem
553 3451 595 3502 hic
634 3451 693 3498 Non
705 3449 808 3498 eddidit
818 3451 843 3497 in
856 3463 931 3513 quem
944 3448 1024 3505 dicet,
1034 3448 1093 3510 qnia
1104 3447 1163 3508 ecit,

67 3527 146 3589 vulgo
158 3533 267 3589 ponunt.
302 3526 351 3574 Sed
364 3526 445 3586 magis
455 3527 543 3589 placet
555 3525 597 3575 Fr.
635 3527 738 3575 nomina
751 3526 837 3574 rrrorio
855 3532 882 3575 et
901 3532 1036 3588 parentum
1046 3526 1094 3572 τῶν
1106 3521 1176 3587 πρὸς,

66 3603 167 3665 Guyeti
177 3601 399 3665 cententio,quam
409 3601 475 3651 ride.
508 3601 545 3650 Ut
556 3601 597 3650 lric
634 3600 660 3649 τὶ
670 3616 734 3650 eree.
750 3603 868 3651 Donotrrr.

66 3680 159 3728 storax
169 3693 202 3726 ex
215 3678 247 3726 iis
260 3677 487 3741 rervirfuerit,qui
496 3677 596 3726 obviarn
668 3683 683 3728 7
703 3679 778 3733 Uxor,
793 3677 908 3740 noceam]
926 3678 1012 3729 Quare
1024 3689 1084 3738 uon,
1093 3673 1163 3722 elul·

67 3756 181 3811 iverant,
198 3752 309 3800 necdum
327 3752 467 3801 redierant.
496 3753 597 3801 Boeclcr.
636 3754 686 3803 rial
707 3767 738 3803 an
758 3754 818 3816 qnia
834 3751 930 3814 justine
952 3749 1071 3810 comanti,
1090 3763 1164 3810 quem

102 3829 204 3891 Storox]
234 3827 358 3888 Egressus
386 3827 412 3875 in
434 3829 598 3891 proscenium
636 3827 738 3876 absenti
759 3827 958 3875 succensemus?
980 3842 1012 3875 an
1029 3825 1166 3890 quiairata

68 3904 211 3968 alloquitur
225 3902 359 3951 storacem
378 3903 422 3967 qni
439 3903 517 3953 intua.
536 3903 598 3952 For·
638 3901 855 3962 uxor‚eicesoeo?
872 3902 946 3950 Idem.

69 3981 161 4042 nobiun
669 3978 720 4028 Aut
739 3981 763 4024 te
783 3990 862 4024 umore
879 3975 982 4038 cogitat]
1014 3973 1166 4037 ’Erremus

105 4056 162 4106 Non
172 4055 256 4118 rediit]
285 4054 352 4103 Haec
364 4054 478 4104 nonnulli
490 4055 600 4104 interro·
639 4068 698 4102 cum
718 4050 850 4116 ἐξεργασίᾳ,
866 4052 914 4100 Aut
929 4058 953 4100 te
971 4066 1050 4100 umore
1061 4054 1166 4114 cogitet:

73 4134 174 4197 gntorie
186 4130 405 4196 pronunciandum
419 4137 534 4180 censent.
559 4131 599 4181 ld.
638 4131 777 4180 autminus
790 4130 892 4190 peccati
909 4138 957 4187 eet,
970 4132 1048 4180 amori
1060 4132 1166 4194 proprio

106 4207 599 4273 lNeqreeerooioromouiootom]Prop·
639 4205 741 4271 cedere,
753 4220 828 4270 qnam
847 4196 931 4256 alieno
951 4207 1030 4257 amori
1049 4206 1165 4271 obsequi,

139 4288 408 4352 monteronem.
537 4359 540 4364 Ι
579 4287 673 4338 Terent.
1041 4291 1057 4335 4
1076 4285 1101 4336 Τ
