2676 4710
207 307 293 373 tuot
442 362 445 367 .
551 320 660 368 norat
684 320 880 369 rumonus«
904 320 944 367 rx

206 462 310 523 cllaicia
326 464 366 510 to.
381 466 410 510 et
425 463 465 510 11.
483 473 521 510 rs.
539 461 606 510 alter
624 475 658 510 ea
675 461 730 512 Hs.
763 461 890 522 digmus
904 461 1007 520 suant,
1027 465 1055 509 et
1072 457 1218 522 salon,
1235 460 1286 510 Da·

207 537 272 586 sneis
288 537 324 584 ita
339 535 434 584 habet:
449 535 574 598 &anto
585 538 639 597 jn
653 544 729 586 unte
765 535 1033 597 mnf-amru
1050 534 1176 583 ῡοιιω.

207 613 730 676 κωὰιίσιιοκῦωαημίιέῆοκ,
796 612 937 661 titinio·
959 610 1012 672 lac]
1035 610 1284 673 fficlocnsestin

207 703 249 737 nec
260 703 309 737 esce
319 689 421 751 spatiare
430 691 729 751 ugitndiddistartn·
765 704 816 752 qao
830 689 917 736 Davus
928 688 1081 749 insinuatur,
1096 689 1285 750 spectatoribus

207 764 250 810 dot
268 764 370 825 uptus.
404 765 480 814 Alter
495 780 544 829 pro
558 767 730 824 intermittet
766 767 847 813 natta
858 773 985 825 gesturus.
1003 763 1077 810 Ida.
1233 761 1248 771 ‘

208 837 335 900 prefert:
352 840 420 890 sicut
440 851 468 891 et
488 841 731 905 Argentoratensisp
798 840 827 888 Si
847 841 894 902 ric]
912 840 965 897 Sic,
984 853 1031 900 pro
1052 837 1145 885 leviter
1160 844 1191 885 et
1209 839 1286 901 aegii·

209 913 506 975 inquosecundamauu
522 919 609 968 deleto
623 919 653 967 τὸ
669 922 732 968 ister
767 925 868 978 genter,
889 914 958 978 qnod
979 913 1066 962 Graeci
1085 911 1164 969 οὗτος,
1180 912 1286 964 ὥοιιῑε

208 985 307 1035 sactum
335 998 377 1037 est
397 991 496 1043 istem
541 994 614 1043 Idem
642 995 733 1044 endu
767 991 990 1053 significatantem
1001 989 1120 1046 comio
1137 991 1289 1050 “calceet

208 1060 318 1125 Argent.
330 1079 369 1112 vs.
381 1069 419 1114 tl.
435 1083 466 1116 se
479 1074 539 1116 cruet
549 1071 615 1119 sotio
630 1072 733 1132 melan
768 1075 809 1115 cst
820 1067 853 1114 de
863 1067 911 1126 liis,
920 1081 976 1129 qne
985 1064 1129 1127 adjurando
1138 1074 1214 1127 gestu
1223 1073 1291 1115 snnt=

211 1140 379 1200 cogitationi
395 1144 453 1190 dist.
471 1150 537 1207 capt.
564 1147 682 1196 Momm
698 1148 733 1195 ιι.
769 1149 799 1190 nt
819 1143 938 1191 instillans
955 1156 1068 1204 pacm:
1089 1147 1127 1196 et,
1147 1140 1232 1200 Huius
1246 1157 1289 1190 ass

210 1221 268 1262 ter:
285 1215 387 1264 sercin
397 1224 456 1266 enat
466 1234 500 1282 sp.
512 1222 588 1269 male.
600 1238 624 1272 r.
636 1223 733 1283 Gnyet.
763 1217 862 1276 sorim.
878 1216 961 1264 Idem.

210 1304 249 1338 rs.
259 1293 298 1339 le.
308 1298 362 1339 tres
371 1293 434 1341 Msa.
443 1296 522 1345 nostri
531 1297 640 1346 habeut:
652 1299 734 1347 dehinc
802 1291 1003 1355 Sammo]
1013 1291 1055 1339 Sic
1067 1289 1235 1340 scribendum
1246 1306 1290 1355 pet

207 1366 459 1429 postumianensem
468 1375 512 1431 est,
524 1372 603 1432 Daue,
613 1378 637 1422 te
647 1389 696 1435 oro,
706 1379 734 1421 at
769 1369 946 1428 snbouiouem,
970 1366 1072 1429 (Greci
1094 1364 1152 1428 iper
1174 1366 1289 1430 vocant).

209 1441 290 1489 redcat
302 1441 358 1502 jam
370 1443 396 1491 in
406 1445 483 1494 cium
501 1446 587 1509 placet
599 1449 734 1498 collocatio
770 1445 813 1494 lta
840 1445 947 1493 Plautus
970 1442 999 1490 in
1018 1442 1100 1490 Persa
1126 1441 1196 1491 dixit
1222 1457 1291 1491 sue·

209 1517 355 1568 verborum.
388 1519 473 1570 Iidem
494 1537 530 1572 vs.
547 1529 590 1574 tt.
606 1539 653 1587 pro
672 1525 735 1587 cepit
770 1522 881 1580 mim,
893 1520 918 1567 id
929 1525 979 1576 est,
989 1517 1032 1581 qui
1046 1531 1113 1565 nnuc
1129 1517 1236 1567 vivunt:
1251 1517 1292 1566 Ti·

209 1592 307 1642 habeut
321 1596 423 1657 ceperit.-
441 1611 514 1661 unus,
529 1600 627 1662 mepu,
645 1615 682 1648 vs.
693 1604 734 1649 33.
771 1597 1007 1657 bollundum,
1019 1607 1066 1654 pro
1076 1592 1176 1654 capillis
1189 1593 1234 1656 qni
1244 1607 1292 1641 non

211 1676 238 1717 et
259 1673 299 1717 34.
319 1678 349 1719 ut
371 1670 507 1722 edidimus.
548 1674 665 1723 Donatus
688 1690 734 1738 pro
771 1672 953 1734 sintsruplius.
988 1667 1293 1728 Catullusniimsrrrores:

210 1744 263 1804 hoe,
279 1744 359 1792 houd:
380 1760 455 1808 quern
477 1748 593 1810 sequitur
615 1751 735 1800 Faernus.
768 1749 889 1810 Virgilius
900 1746 1087 1804 mtenalorass,
1098 1758 1157 1808 qnae
1170 1745 1242 1807 prius
1256 1752 1294 1794 to·

211 1822 477 1883 vs.20.hooquiorit;
492 1823 580 1872 iuMs.
599 1824 735 1888 Argentor.
771 1824 854 1871 lerata
864 1820 975 1870 fuerunt.
1007 1820 1094 1869 Multa
1112 1820 1164 1868 alia
1179 1820 1295 1883 idgenns

212 1898 337 1958 glossema
358 1899 383 1947 in
406 1905 506 1949 textum
528 1901 654 1965 irrepsit:
682 1903 737 1952 Hoc
772 1899 833 1947 alibi
843 1896 1182 1961 congess13adLucretium,
1195 1897 1294 1959 opinor.

212 1972 408 2035 quidsitnescio.
425 1974 486 2024 &ti
501 1977 678 2038 querutum
688 1994 736 2026 om·
773 1976 858 2025 Faba.

212 2050 312 2110 neuim.
330 2050 471 2100 Boeclerns.
803 2050 912 2113 Mino]
931 2048 1083 2109 Clementia,
1103 2045 1235 2097 facilitas:
1253 2050 1295 2098 cui

246 2129 259 2173 l
278 2127 332 2174 Nou
340 2127 446 2188 dubium]
459 2129 661 2188 Narrationejom
671 2130 736 2179 lubi·
773 2127 910 2186 contraris,
922 2124 1047 2188 asperitas
1057 2131 1085 2172 et
1096 2121 1244 2173 difficultas.
1265 2126 1297 2174 Et

213 2207 247 2264 tn,
256 2217 354 2264 muoso
368 2204 446 2252 Soaioe
461 2219 508 2253 noo
524 2211 575 2254 erut
590 2209 736 2255 necessario:
773 2203 824 2252 lert
834 2215 922 2264 suuper
932 2200 1025 2250 mnus.
1044 2197 1296 2258 Ausonum-lenitas?

212 2293 270 2339 ergo
288 2280 395 2329 subsidit
410 2295 489 2338 senex,
502 2296 547 2344 per
565 2297 632 2346 quem
647 2283 737 2344 agmdo
773 2287 801 2327 ut
814 2280 847 2327 sit
860 2276 924 2338 ὑφέν.
951 2275 1094 2335 Lucretius,
1113 2274 1240 2337 ‘Semper
1251 2273 1296 2324 flo-

213 2359 270 2404 runt
280 2356 376 2419 reliquo.
393 2357 518 2408 Donatus.
773 2354 853 2404 tentis
862 2351 985 2403 Homeri!
994 2352 1111 2400 Donntas.

246 2431 302 2480 Non
313 2431 420 2494 dubium]
441 2432 481 2481 Au
498 2431 546 2481 hoc
563 2440 650 2482 certus
663 2434 736 2482 indn-
805 2429 901 2492 Semper
910 2426 1006 2487 mutor]
1014 2425 1053 2474 Ac
1063 2439 1109 2488 per
1117 2424 1165 2474 hoc
1178 2426 1296 2475 simulata

213 2505 280 2554 citur
304 2505 383 2567 simo,
412 2512 442 2555 nt
465 2509 547 2570 magis
570 2510 737 2570 perturbetur
774 2520 853 2568 usque
872 2519 939 2554 nunc
961 2502 1072 2552 leuitas:
1097 2515 1156 2550 unm
1178 2517 1255 2552 uerno
1270 2503 1296 2551 in

213 2580 346 2642 inopinata
367 2583 536 2631 consensione
558 2583 686 2645 Pamphili
704 2586 737 2634 ad
775 2579 882 2627 diversis
907 2579 1006 2627 actibus
1027 2591 1129 2640 semper
1151 2577 1217 2626 lenis
1237 2586 1295 2626 est:

215 2654 358 2704 ducendam
368 2670 481 2717 uxorem,
494 2662 522 2706 et
533 2665 661 2719 praeterea
676 2659 737 2707 nihil
775 2654 824 2702 uisi
839 2653 907 2702 forte
924 2653 1000 2702 fictus
1019 2652 1181 2701 assimulatur
1191 2661 1219 2702 et
1229 2654 1298 2704 calli·

214 2737 276 2793 ngat
304 2746 362 2780 curn
389 2731 525 2781 Cirremete
551 2732 583 2780 do
612 2733 738 2782 tradenda
775 2730 832 2779 dns.
849 2731 924 2780 Idem.

214 2805 276 2868 tilia,
287 2806 512 2871 confirmandisque
523 2808 628 2872 nuptiis.
645 2809 719 2858 idem.
807 2808 903 2872 Semper
916 2807 1012 2868 unitur]
1024 2807 1084 2856 Sine
1101 2805 1248 2858 differentia
1256 2814 1297 2858 est

248 2884 302 2932 Non
323 2884 418 2933 dubium
438 2890 481 2943 ert,
501 2883 567 2943 quin,
592 2883 645 2944 iro]
668 2884 738 2934 Hinc
776 2882 1124 2943 importunalenitas.1dem.

215 2958 282 3008 enirn
292 2959 377 3007 verius
386 2962 434 3020 est,
446 2970 548 3005 scenam
560 2956 648 3005 ordiri.
679 2959 739 3006 Cer·
808 2956 871 3005 Heri
879 2972 968 3019 semper
984 2958 1077 3016 lenitus,
1096 2957 1147 3018 tra]
1163 2958 1298 3008 Falluntur

215 3041 256 3082 tus
268 3043 353 3082 autern
370 3032 500 3082 inducitur
513 3045 601 3092 senex,
620 3033 739 3095 utmagis
777 3032 880 3081 omuino
900 3045 957 3080 cum
976 3031 1078 3079 Donato
1099 3032 1142 3094 qui
1162 3031 1192 3080 ri
1211 3048 1299 3096 temper

217 3107 389 3157 confundatur
407 3114 507 3170 postea,
525 3107 568 3154 ubi
587 3106 664 3156 aliter
682 3122 738 3155 sve·
777 3106 861 3155 lenitus
873 3122 919 3170 per
936 3107 974 3169 ὑφ’
986 3105 1157 3168 ἓνοοριιίαηῑι
1178 3109 1297 3171 trajectio

215 3182 271 3230 nire
283 3183 395 3231 sentiet:
407 3182 740 3247 προοικονομοῦνταιγὰρταῦ-
776 3182 912 3232 verborum
924 3188 972 3244 est,
987 3190 1016 3231 ut
1034 3190 1106 3231 recte
1119 3181 1239 3244 Guyetus
1255 3197 1297 3232 no·

214 3257 409 3323 ταηῖἐπιτάσει.
437 3260 503 3308 Vide
514 3263 584 3309 Don.
595 3261 721 3309 Bructerus.
778 3263 825 3306 int.
842 3258 970 3307 Boeclerus.

247 3339 263 3384 2
289 3335 330 3384 Ilo
351 3337 418 3384 ruodo
443 3335 538 3384 Donum
562 3335 644 3383 timere
665 3333 739 3395 tensi]
809 3332 905 3395 Semper
915 3333 1009 3400 muns]
1021 3335 1074 3384 Per
1085 3334 1124 3398 ὑφ’
1136 3333 1246 3399 injungi
1256 3350 1297 3384 ro·

215 3412 276 3462 Non
293 3413 401 3460 recessit
420 3410 452 3459 ds
471 3410 528 3459 loco
544 3424 641 3458 aeuexr
657 3408 739 3457 Sensit
776 3409 841 3468 lunt,
852 3416 881 3456 ut
893 3409 926 3457 sit
941 3411 1089 3461 continuata
1098 3416 1126 3460 et
1140 3425 1221 3474 usquc
1231 3425 1297 3459 nunc

215 3501 277 3550 ergo
289 3494 359 3542 ante,
371 3500 445 3550 quarn
458 3500 514 3534 cuin
525 3485 599 3534 Sosia
609 3485 678 3549 loqui
689 3499 739 3534 coe·
777 3486 896 3535 simulata
915 3486 1015 3549 lenitas,
1033 3487 1059 3535 iu
1075 3486 1189 3536 subsidio
1204 3488 1297 3548 lateus,

216 3561 306 3624 pissat.
324 3563 416 3612 Doont.
777 3562 996 3624 opportunitatem
1015 3561 1166 3625 erumpendi
1181 3568 1298 3626 captans.

249 3637 377 3699 [tomedo]
387 3634 740 3700 Argumentumquodsupra,
777 3639 918 3688 Famulins.
1332 3628 1336 3633 ¹

216 3711 248 3762 ab
267 3727 300 3762 eu
324 3712 392 3775 quod
409 3712 489 3760 nostri
512 3710 619 3761 fuciunt.
651 3712 738 3761 Modo.-
808 3715 958 3770 oanrsson
968 3711 1299 3776 mnunethquampars

216 3795 277 3839 ante
289 3803 365 3852 quam
383 3801 440 3836 cusu
452 3787 524 3837 Sosin
536 3786 605 3850 ioqui
620 3787 739 3850 cupisset
777 3797 829 3840 tem
847 3797 1002 3853 erumperet.
1036 3790 1072 3838 Et
1082 3790 1178 3837 madere
1196 3795 1236 3837 est
1252 3802 1299 3851 per

216 3865 296 3914 Simo.
330 3863 454 3913 EtDnuas
466 3877 515 3911 uon
528 3869 599 3913 recte
610 3863 740 3927 scribitur,
776 3880 961 3930 quamcumque
973 3863 1148 3914 difficultatem
1160 3864 1193 3912 ad
1203 3862 1299 3927 aliquid

216 3940 298 3988 Dooos
310 3937 470 3988 scribendum
482 3956 488 3988 ε
506 3938 573 4003 quod
584 3939 652 3988 nulla
663 3940 740 3991 litera
777 3941 920 4004 pervenire.
937 3941 1056 3990 Donatus.

217 4015 313 4063 voculis
326 4016 454 4077 geminata
472 4031 546 4065 unam
565 4015 689 4081 syllabam
700 4015 738 4065 ta·
809 4018 824 4063 7
845 4015 944 4064 Verbum
954 4013 1026 4078 fecit]
1040 4014 1099 4063 Non
1111 4014 1178 4064 dixit
1188 4013 1300 4077 litigium

218 4086 263 4135 cit.
294 4089 346 4137 Sed
355 4091 413 4153 qrrin
422 4092 574 4156 ambiguitas
584 4092 689 4143 vitanda
699 4097 740 4139 est
777 4086 974 4150 alrtrlxam‚sed
989 4088 1090 4138 mian.
1121 4089 1184 4138 Istae
1201 4089 1300 4150 exigni-

218 4162 367 4214 nominativi
389 4165 520 4228 lingulati·
544 4176 572 4217 et
601 4165 739 4219 aoesnstlrl
778 4168 844 4213 talos
879 4165 1078 4214 asseverationes
1102 4164 1244 4214 dicuntur:
1273 4173 1301 4215 et

220 4236 333 4302 pluralis.
349 4241 493 4290 necessarlo
515 4256 563 4305 pro
581 4240 629 4291 inc
649 4239 739 4305 rapula
779 4253 836 4291 cunr
849 4237 1065 4305 pronuntiatione,
1085 4245 1114 4289 ut
1130 4239 1302 4304 intelligatur,
