2676 4710
324 342 504 391 urrunnu
532 345 953 398 ruuuon.uuu.1u.se.
978 351 1017 396 u.
1127 337 1210 403 ΓΜ

116 489 148 533 ut
160 482 296 534 edidimur.
312 498 350 533 ve.
362 485 645 548 ld.uruuer:perprlrra
682 487 729 537 olio
740 487 821 537 debet
838 489 956 539 oblivioni
966 490 1009 554 qai
1021 490 1103 546 dedit,
1123 493 1214 542 menri·

112 560 178 608 m
188 561 267 607 creda
283 566 310 608 et
322 574 360 609 ve.
370 564 411 611 41.
422 562 595 611 nnaeoaoenil.
617 570 644 612 et
682 561 751 613 uirre
764 564 806 626 qui
819 565 930 627 accepit.
948 564 1024 614 ldeur.

115 649 156 685 aa.
167 635 259 694 dufer
269 642 295 684 art
306 651 379 687 earet.
397 652 435 688 ra.
446 642 486 686 ll.
496 651 577 688 uuuer
588 639 646 701 qru'd
713 645 730 691 4
746 641 785 689 Dr
788 640 891 704 fidicina
901 639 973 702 irim]
990 641 1039 703 De,
1050 647 1171 704 propterz
1183 652 1212 691 ut

113 713 278 763 uletdicere.
297 715 645 779 alterrqur'doliadoulrddi·
681 713 998 777 rit,propterfidiciuam.
1042 716 1210 769 Etvidenua
1304 728 1308 736 ’

108 795 177 851 eurr,
188 789 244 838 eine
256 790 428 853 geminatione
437 792 480 840 rai
489 791 555 856 quid.
586 793 645 841 Boe-
682 793 804 856 pnellrm,
818 792 862 840 red
867 791 1004 857 fidicinem,
1017 795 1090 858 anei
1103 795 1136 844 ab
1146 809 1214 844 ema·

113 863 214 914 derue.
333 891 336 895 ·
683 873 741 918 ture
752 868 857 930 dictam,
867 875 894 917 et
905 883 936 918 eo
947 876 1072 931 amatore,
1084 872 1126 934 qui
1139 873 1212 934 quari

148 939 391 996 Audireoocemoiro
401 943 531 992 mnodo
546 941 644 1004 nimia]
682 960 781 995 memor
792 947 828 994 ait
846 946 919 1006 artie,
936 961 987 1010 qur
1004 946 1167 996 delectatur:
1184 956 1213 999 et

114 1013 431 1081 Kiriadaritarrnultipleu
440 1019 645 1068 commutat»
680 1022 742 1087 quie
769 1023 855 1086 puelle
878 1023 913 1072 eit
934 1024 1027 1071 aemulu
1049 1024 1210 1074 meretriciae

110 1091 208 1141 filiunt
223 1100 420 1155 perannum-et
431 1099 511 1144 terrere
520 1095 610 1144 nirlttlr
621 1099 645 1142 el
681 1113 740 1148 uam
758 1099 924 1149 meretricum
940 1109 982 1149 eet
998 1100 1127 1150 fidicinam
1146 1116 1212 1151 eree.

111 1169 212 1217 coneilio
222 1169 307 1220 Pudice
320 1171 522 1235 diecretorum,ul
539 1170 645 1230 consutio
682 1176 759 1226 Idem.

112 1245 182 1294 nude
200 1246 234 1295 rit
246 1247 316 1307 sueto
332 1250 461 1297 aerrnouiar
485 1249 558 1298 umal
572 1248 645 1296 eliam
716 1252 914 1308 Qaumoerrrrtei
925 1255 986 1314 qaod
994 1252 1060 1301 dedit
1069 1252 1212 1314 principiam

108 1335 157 1384 pre
173 1337 200 1371 ec
210 1323 291 1387 reique
299 1325 540 1375 orcommodutumire
551 1339 643 1388 repre·
681 1329 817 1392 muniere]
833 1330 906 1377 Beue
924 1328 1093 1390 reprehendit
1106 1329 1213 1378 Parme·

111 1402 224 1447 moror
235 1401 318 1449 eratin
336 1401 466 1451 Donatus.
681 1420 724 1455 no.
743 1420 803 1454 uam
821 1406 847 1453 in
863 1402 993 1453 beneficiio
1006 1404 1084 1453 debet
1096 1404 1213 1453 oblirirci

149 1474 358 1527 ldadr'recueem
374 1479 427 1527 uisu
442 1478 644 1527 ermanodomiir'·
684 1481 728 1542 qni
754 1481 836 1543 dedit,
860 1479 1008 1528 meminisse
1035 1479 1079 1543 qui
1102 1480 1214 1541 ucrepit.

111 1547 159 1611 tle]
178 1549 276 1600 Omnes
292 1567 384 1602 eenruu
401 1554 453 1602 airu
471 1553 644 1613 dicuntur‚eb
681 1559 730 1608 Eat
751 1557 836 1621 gravia
858 1554 967 1619 εἰρωνεία,
995 1555 1072 1611 Quom
1093 1556 1213 1605 amuda!

111 1638 147 1673 eo
158 1625 225 1690 quod
247 1634 287 1677 ert
305 1630 476 1678 certioriurnm
494 1630 643 1678 oculorum:
682 1634 762 1683 Idem.

111 1715 180 1764 ergo
197 1703 249 1752 vin
267 1719 327 1767 erut,
347 1706 424 1755 senei.
454 1712 482 1753 ut
502 1704 642 1765 Virgilium
713 1710 880 1760 dPlurr'maru
891 1709 977 1757 meniu
988 1708 1039 1771 tuo]
1055 1708 1153 1757 Facete
1163 1722 1214 1757 me·

109 1777 255 1842 ‘Vimque
264 1793 342 1831 nanee
350 1781 449 1830 ululare
459 1795 507 1844 per
516 1779 643 1842 tambram,
680 1787 762 1835 retrix
786 1799 897 1834 eruorem
917 1799 991 1847 ruqm
1008 1787 1059 1833 uun
1077 1783 1109 1833 ad
1129 1783 1213 1831 avari-

112 1851 285 1904 Adventante
297 1856 372 1906 Der!
389 1857 465 1906 idem.
680 1864 742 1912 tiam
765 1863 866 1921 retulit,
894 1860 941 1909 sed
965 1860 997 1909 ad
1021 1858 1145 1908 officium.
1178 1859 1215 1907 Et

147 1928 644 1995 Audirrttremnieutummiiil·]dssuuuu
680 1952 738 1987 cum
762 1937 794 1986 de
820 1936 935 1994 fidicina,
960 1935 1052 2000 iuquit,
1074 1943 1101 1983 te
1129 1947 1213 1983 amem

110 2005 285 2058 blundiureati
304 2010 454 2066 meretricii.
470 2009 503 2059 ud
523 2024 643 2073 congrer-
680 2013 812 2076 praecipue
832 2010 925 2061 merito
943 2017 999 2059 turo.
1041 2009 1094 2058 dlii
1117 2009 1155 2057 ric
1173 2022 1225 2055 re».

111 2092 171 2132 eum
184 2091 211 2132 et
222 2085 384 2149 colloquium.
401 2087 533 2136 Boreicrua.
680 2090 809 2153 spondere
818 2087 977 2149 intelligunt,
985 2094 1015 2135 ut
1024 2086 1079 2149 ipra
1089 2084 1122 2134 de
1132 2083 1214 2133 ddici,

146 2163 164 2208 d
188 2159 259 2210 Solve
278 2162 313 2210 nri
333 2162 433 2225 Tbrom]
459 2163 641 2222 ordeaceum,
679 2180 712 2214 aa
724 2167 821 2228 gratiae
831 2170 900 2225 agat.
910 2177 967 2211 urm
978 2175 1037 2211 eum
1049 2161 1092 2209 ille
1102 2159 1210 2218 dixerit,

112 2235 296 2301 adduntque
308 2238 376 2300 apud
389 2238 470 2299 illum,
483 2238 578 2286 Tutore.
596 2238 643 2285 Eat
679 2240 797 2302 ‘lbcquid
814 2253 859 2286 nor
881 2237 977 2286 amaai'
1001 2238 1045 2286 ille
1070 2234 1217 2298 nerpuudit,
1286 2266 1292 2272 -

110 2313 233 2376 quaedam
245 2314 313 2363 actio
323 2314 396 2378 cujas
404 2329 495 2365 numen
504 2315 642 2364 boneatum
679 2313 859 2364 ‘Plurimum’
877 2311 953 2363 Quod
965 2320 1052 2361 autem
1064 2311 1097 2359 de
1108 2310 1215 2361 fidicina

111 2397 172 2440 eat:
197 2392 265 2441 eleut
283 2399 382 2454 orator,
404 2392 578 2455 plriloaoplrue.
606 2397 644 2439 ert
680 2390 727 2439 bac
749 2389 814 2438 dixit
833 2388 888 2448 ille,
910 2386 1024 2448 rubjecit
1042 2385 1213 2445 nandium

110 2468 244 2534 quiedam,
261 2471 437 2532 cujurnomen
449 2465 575 2517 offenerum
594 2474 644 2529 ert,
680 2473 729 2517 tro.
742 2466 769 2516 id
787 2471 837 2526 eet,
854 2470 977 2528 quonlam
994 2463 1111 2524 mereris,
1128 2462 1213 2513 dendo

110 2545 371 2605 utmilea,laueriua.
389 2545 508 2594 Donatus.
681 2556 747 2591 eum.
787 2541 838 2590 Sed
868 2539 959 2588 melius
983 2544 1035 2599 eat,
1062 2544 1093 2588 ut
1115 2545 1214 2601 prretur

146 2627 162 2671 ⁸
180 2623 262 2687 Meum
272 2619 399 2682 daonium]
415 2621 476 2669 'l'ria
494 2626 554 2668 aunt
572 2633 645 2668 oren·
681 2630 771 2668 manue
795 2618 912 2668 Meritum
931 2615 1038 2667 dixerit.
1058 2629 1214 2680 quemquam

111 2697 187 2747 laudi
198 2712 302 2760 genera,
312 2699 415 2746 onnon
425 2696 644 2758 relucentem,
680 2695 755 2743 nolu
773 2708 857 2743 aanor
872 2693 984 2742 ueritum
1005 2692 1162 2756 intelligant.
1184 2698 1214 2743 ut

112 2774 267 2824 ermelen-
301 2775 389 2822 orcula
409 2771 551 2822 officioram
569 2779 644 2820 suut:
682 2778 723 2820 eet
743 2771 807 2818 illud
827 2769 949 2831 Virgilii:
967 2769 1091 2832 ‘Quique
1107 2769 1147 2817 rui
1160 2782 1213 2819 ure·

111 2850 201 2910 Baelo,
214 2849 365 2913 pudicorum
378 2847 518 2898 affectuum
529 2863 536 2897 r
547 2847 646 2910 mun«,
681 2859 766 2895 morea
779 2847 843 2893 aliar
854 2842 942 2893 secere
953 2841 1078 2893 merendo
1088 2841 1104 2895 ς’
1119 2841 1146 2891 id
1163 2850 1214 2899 eet,

113 2925 251 2976 libidinum
263 2925 304 2974 vel
317 2937 442 2974 umorum.
460 2923 536 2973 idern.
681 2931 769 2984 gruum
795 2921 844 2968 ribi
873 2918 1011 2969 reddidere
1044 2917 1214 2970 munerando.

146 3002 232 3052 Meam
243 3000 371 3063 ducciam]
392 3001 456 3050 Cum
475 3000 648 3059 oscularetur,
682 2997 759 3046 Idem.
1199 3022 1201 3027 -

114 3078 192 3130 dixit.
210 3079 286 3126 Idem.
714 3073 838 3120 dilemur
857 3084 913 3130 ergo
935 3069 968 3117 ed
988 3066 1090 3130 emeat]
1120 3068 1214 3118 Deonit

148 3155 217 3210 Quid
234 3151 328 3214 opiter]
355 3152 389 3200 Et
408 3150 457 3200 boc
477 3147 648 3199 blandimenti
682 3147 826 3211 pertritum
843 3145 876 3193 de
892 3158 964 3194 eoeua
975 3143 1055 3193 etiam
1068 3144 1214 3206 importune

115 3244 198 3294 genua
210 3235 250 3278 ert
261 3226 456 3293 pectusculum.
480 3224 525 3273 red
539 3223 596 3273 duri
607 3229 648 3271 ert
683 3223 832 3272 admouere.
848 3235 905 3270 curu
923 3219 1035 3282 quadum
1043 3218 1150 3283 (produn,
1162 3223 1214 3271 vel·

114 3314 142 3357 et
152 3307 278 3370 agrestiez
296 3303 376 3354 infert
386 3303 463 3366 enirn,
473 3305 481 3332 ‘
493 3300 591 3365 Ecquid
600 3315 647 3349 noa
682 3305 712 3349 ut
723 3311 822 3357 uragme
834 3295 880 3346 rei.
897 3295 974 3345 Idem.

114 3384 214 3436 amari·
250 3385 285 3434 Et
310 3383 412 3446 Ecquid,
430 3379 647 3444 aliquantulumne
716 3376 805 3424 Eomru
824 3380 889 3434 ergo
905 3374 936 3423 od
963 3370 1063 3434 aarum]
1092 3371 1214 3423 Parasito
1311 3365 1314 3374 “

115 3461 262 3527 signifieat:
280 3466 307 3508 et
322 3459 382 3507 ideo
398 3459 443 3506 illa
457 3456 595 3520 momorum,
607 3469 647 3502 re·
685 3451 805 3505 Donatus
817 3448 945 3499 attribuit.
962 3450 1093 3499 Boeolernr.
1194 3484 1198 3491 .

116 3539 190 3591 citat.
208 3538 301 3587 Cicero
310 3535 337 3583 in
346 3530 590 3591 Catilimm,⁴erid
600 3537 649 3588 est,
717 3524 825 3587 Cenum]
843 3525 944 3575 Thraso
959 3523 1119 3586 exprobrem
1136 3522 1214 3573 bene-

115 3614 252 3666 cartura?
278 3610 371 3676 ecquid
395 3607 527 3658 attendit?
556 3604 648 3667 ecquid
682 3603 769 3655 ficiunt
786 3601 988 3660 Thaidi,qratea
999 3598 1047 3647 eibi
1058 3604 1086 3648 et
1100 3611 1213 3651 amorem

115 3688 301 3742 tunnadveuir
311 3687 401 3736 horum
413 3684 540 3733 silentium
550 3681 568 3730 i’
586 3681 624 3728 ld
683 3679 757 3733 reddi
766 3680 890 3742 postulat,
902 3676 1006 3725 Gnatho
1017 3689 1125 3727 coenam.
1136 3689 1215 3738 supra

149 3766 274 3827 &amum
290 3763 344 3828 dra]
363 3763 462 3811 Putrnt
480 3759 648 3824 qnidamauo-
683 3750 1018 3807 aet·11.ec.t.Fornuliue.
1203 3809 1206 3815 Ι

115 3844 181 3896 dana
197 3842 240 3890 bie
261 3853 313 3888 uon
330 3836 414 3900 accipi
433 3849 480 3899 pro
496 3834 585 3891 arctio,
602 3832 649 3881 red
717 3827 905 3891 Heruolterum]
934 3829 1007 3877 Beue
1026 3828 1136 3888 auorum
1152 3825 1215 3891 quie

115 3920 244 3979 moliole,
254 3924 284 3966 ut
302 3916 397 3964 Plauto
408 3913 488 3962 sucu.
506 3918 560 3959 act.
573 3922 600 3959 v.
612 3923 649 3959 ec.
685 3908 737 3958 duo
749 3914 819 3954 runt.
836 3905 955 3953 vanarn.

116 4003 143 4047 ll·
158 3994 236 4060 ‘Age
254 3991 336 4042 mulae
351 4004 418 4053 mea,
436 3985 580 4040 suavitudo,
599 3983 659 4036 ral·‘
718 3982 782 4031 Hem
792 3977 904 4040 alterum]
922 3977 999 4027 stuic
1009 3977 1215 4040 reprebendatur

119 4071 165 4124 ta!
186 4069 328 4122 Furnodiur.
684 4058 769 4124 mileo,
784 4057 887 4107 alterum
906 4055 1012 4103 dicturus
1034 4053 1055 4102 ri
1076 4053 1215 4117 parasitus.

149 4148 251 4214 Ecquid,
269 4144 321 4208 dra]
339 4141 434 4192 ironia.
450 4140 594 4191 Invenurte
612 4151 650 4188 uo.
683 4134 785 4187 ollarum
796 4131 920 4211 bemineru.
953 4129 1017 4180 Vult
1028 4131 1096 4185 enim
1106 4131 1213 4181 Perme-

119 4226 300 4294 atqueiuepta
310 4219 440 4277 aalntrtio.
450 4213 648 4270 namirbeued·
685 4217 760 4269 acet
776 4207 890 4277 pararito
900 4220 966 4262 <erre
983 4206 1120 4272 uerrutior,
1132 4212 1160 4259 et
1170 4205 1215 4269 da·
