2676 4710
118 298 205 365 1278
322 356 324 361 .
469 307 575 355 nonin
600 303 801 351 vsnronuu
825 302 866 350 ru

158 458 191 505 Ut
207 467 257 502 euin
269 449 387 514 cognorit]
405 448 524 496 Suaviter
534 460 583 494 non
598 445 646 494 No·
682 446 731 492 dre.
744 434 888 492 Bructerus.¹

120 536 190 596 veru,
212 533 256 581 sed
280 530 405 592 cognorit,
423 528 499 589 dixit,
517 525 585 592 quod
608 532 648 574 est
716 519 858 582 Ligarium]
875 519 1007 577 Deficere,
1032 533 1095 570 cum
1116 518 1210 568 deiecto

120 613 205 674 plena.
218 607 394 672 perspicacia
413 607 487 653 Mem,
684 600 712 642 et
722 594 828 642 fastidio
837 597 955 645 suaviora
963 611 1081 660 quaeque
1095 594 1210 654 delibant,

154 687 252 734 Mature
263 688 289 731 ut
300 697 351 730 oum
359 681 477 743 cognorit]
492 681 564 728 Bene
576 677 648 726 eddi·
685 672 849 734 ‘Tangentes
867 675 932 721 maie
952 674 1059 736 singula
1077 673 1159 721 deute
1178 685 1211 718 aa·

121 761 160 810 dit
171 762 276 808 Mature.
310 759 376 806 Fere
397 758 465 805 enim
486 758 538 806 cito
556 769 649 816 eogno-
685 750 786 814 penno!
804 752 923 800 Horam.
933 765 964 800 ιι.
974 753 1032 802 Sat.
1042 756 1069 801 6.
1081 750 1211 802 Famem

122 839 189 886 visse
211 835 314 885 obfuit:
332 835 378 884 sed
398 837 423 885 id
445 836 476 884 ad
498 835 661 895 iilerebrum⁸
719 831 748 873 1⁵
767 827 862 875 Hmm
881 828 960 876 ‘idm
981 827 1130 890 ‘'glum'‘m]
1149 825 1211 877 0³⁶⁰

121 912 250 976 tutiquon
262 911 277 939 ⁵
294 913 414 974 cognitus
427 920 467 961 est
479 913 539 961 cito.
558 913 633 960 Idm.
686 910 753 961 “³12
772 903 867 950 Harum
884 905 963 952 ”idm
986 903 1210 966 fflb'lss‘imsmssr

154 991 186 1036 12
199 987 258 1041 Quoe
267 987 391 1045 demseris
399 988 465 1050 sunt]
479 987 556 1050 Apud
566 1000 650 1036 aman·
685 977 1076 1041 itfflmstwmt'ttbvttttioewloe
1087 980 1138 1029 titt?
1147 978 1211 1028 dmi-¹

123 1068 163 1111 tes
172 1061 279 1110 scilicet.
289 1063 364 1112 Idem,
687 1055 713 1103 id
726 1063 774 1110 est,
786 1071 843 1104 com
863 1058 924 1105 solae
942 1057 1005 1116 sint,
1025 1066 1057 1106 ut
1070 1057 1211 1113 inhonesta,

156 1138 226 1188 Nihil
247 1141 339 1187 etitem
358 1139 476 1201 munditie]
492 1139 564 1188 Bene
580 1138 650 1187 Vide.
688 1137 766 1194 etque
784 1131 866 1180 avidae
886 1132 955 1182 cibi:
981 1147 1135 1197 quaeqnum
1157 1131 1210 1182 foris

122 1215 317 1264 tumnensium
329 1227 397 1264 anni.
415 1216 491 1264 luem,
687 1214 757 1268 seint,
766 1215 869 1256 coeuant
878 1209 990 1259 scilieet.
1007 1210 1132 1258 Donatus.

157 1292 327 1341 Nitiirt'detur
344 1293 463 1356 mundius]
481 1292 652 1341 Nam‘Mun·
720 1286 815 1334 flamm
836 1287 916 1335 videre
939 1287 1083 1350 inglusiem]
1104 1287 1135 1336 In
1156 1282 1212 1336 anti·

123 1371 186 1421 ditin
199 1370 323 1419 illecebra
342 1377 384 1419 est
401 1371 486 1419 animo
501 1367 652 1418 amantum!
689 1362 898 1427 quistimislibris
910 1363 1213 1428 positumiegi,iirtsoiesa
1257 1422 1259 1433 Ι

123 1446 652 1508 pinarensium.11.s,4,pertinet-
690 1439 724 1487 Et
744 1438 870 1501 idipsum
894 1439 959 1488 vidit
979 1440 1110 1488 Faernus.
1142 1439 1213 1488 Itset

123 1539 173 1587 que
185 1524 234 1571 iruc
253 1522 317 1571 iliud
335 1522 450 1570 Lucretii
470 1522 564 1571 iib.1v.
581 1521 653 1570 ‘Neo
689 1514 870 1575 scribendum
883 1516 978 1580 alioqui
989 1515 1028 1565 bit
1041 1515 1112 1564 idem
1123 1515 1214 1564 diceret

123 1601 246 1649 divinitus
267 1599 404 1660 interdum,
430 1599 591 1662 Venerisque
613 1613 652 1646 sa·
689 1591 846 1640 Τθῑθῐῐῐίΰθῖ
865 1591 937 1641 addit
956 1594 1037 1653 euim,
1056 1598 1128 1656 “²4⁸⁶
1147 1586 1214 1642 ⁰0¹⁶&

124 1679 206 1738 ginis,
218 1677 353 1725 Deteriore
365 1674 393 1724 fit
407 1683 435 1725 ut
444 1675 528 1724 forma
549 1675 652 1723 mulier·
688 1666 744 1714 θὶὺῖ·
776 1668 846 1715 Dein
857 1675 883 1716 et
896 1668 920 1716 id
934 1670 1052 1731 postulat
1065 1669 1134 1718 titio
1145 1683 1215 1733 oppt-

123 1754 183 1802 cu1a
195 1759 310 1801 auretirr:
328 1751 394 1799 Num
407 1750 469 1800 iacit
481 1752 536 1813 ipsa
546 1751 598 1798 suis
615 1750 652 1797 iu·
689 1744 806 1794 sitorum.
822 1744 909 1794 Faber.

125 1828 226 1877 tordum
238 1826 344 1875 faemina
362 1826 450 1888 sartis,
464 1827 652 1888 Morigerisqne
722 1820 817 1868 Horum
828 1821 907 1869 sidere
916 1819 1057 1882 ingluviem,
1075 1821 1164 1880 sordes,
1174 1819 1217 1868 iao·

124 1904 207 1952 modis
222 1911 250 1951 et
272 1903 366 1952 mundo
383 1903 497 1964 corporis
512 1903 593 1957 cultu,
617 1901 653 1950 Ut
687 1897 763 1960 pium]
780 1897 952 1946 Paucissimos
965 1897 1044 1946 libros
1058 1898 1171 1960 scriptos
1186 1896 1218 1944 in·

124 1977 201 2028 facile
215 1979 343 2027 insuescat
361 1992 447 2025 secum
461 1979 498 2025 vir
509 1977 603 2040 degere
617 1977 653 2024 vi·
692 1974 790 2032 venias,
802 1974 827 2021 in
847 1974 939 2037 quibus
959 1988 1006 2037 pro
1023 1973 1155 2034 ingluuiem
1171 1985 1217 2021 non

126 2064 187 2102 tam.
201 2052 249 2099 'lu
259 2051 357 2100 duobus
368 2052 471 2114 optimis
482 2053 545 2100 Mes.
558 2051 652 2100 codici·
690 2052 793 2113 legatur
811 2053 924 2115 idueiem,
944 2053 986 2100 vei
1006 2052 1132 2115 inluviem,
1151 2060 1179 2101 nt
1196 2053 1218 2101 in

124 2129 183 2188 bns,
194 2143 256 2191 qnos
274 2128 305 2174 'in
325 2128 500 2176 Serenissimoe
511 2128 653 2176 Succorum
692 2131 811 2180 omnibus
829 2131 949 2196 antiquis.
968 2139 996 2181 et
1013 2148 1076 2182 sane
1088 2134 1126 2182 ita
1137 2134 1218 2198 legen·

125 2206 235 2267 Reginae
250 2204 411 2253 Bibliotheca
421 2204 517 2253 contuli
530 2219 588 2252 curn
599 2203 654 2252 edi·
691 2208 752 2255 dum
763 2222 819 2255 esse
831 2209 910 2257 etiam
929 2208 985 2271 ipse
995 2208 1175 2270 oppositorum
1185 2222 1220 2257 ro·

125 2282 169 2338 tis,
187 2280 297 2342 iegitur:
315 2282 367 2331 ‘Et
380 2280 473 2330 munde
484 2280 654 2343 eorporecul·
693 2283 729 2332 tio
744 2284 860 2348 ordoque
877 2283 1000 2333 ostendit.
1012 2284 1065 2333 duo
1082 2285 1174 2336 attulit
1183 2299 1220 2333 su·

125 2358 172 2409 to!
188 2359 316 2408 Boeolerus.
692 2373 746 2422 pra,
757 2374 815 2423 quae
834 2359 859 2407 in
875 2359 1057 2409 meretricibus
1077 2360 1173 2410 decora
1188 2360 1222 2408 ri·

159 2437 219 2492 Quae
234 2439 298 2499 dam,
313 2435 366 2497 dfe]
382 2435 525 2497 Elegantia
538 2432 655 2483 meretri·
694 2434 819 2494 deantnr;
836 2434 994 2497 munditiem,
1013 2435 1080 2484 etin
1101 2435 1221 2506 capiendo

124 2528 193 2574 citur,
218 2511 282 2560 foris
302 2512 460 2560 amatoribus
477 2511 579 2575 quando
604 2524 656 2558 coe·
694 2510 751 2559 cibo
768 2510 943 2559 modestiam:
972 2511 1041 2560 iilam
1061 2512 1168 2577 quidem
1184 2511 1223 2561 ubi

125 2596 199 2648 naut,
216 2588 241 2636 in
255 2588 334 2646 rictu,
347 2587 452 2647 vestitu,
464 2593 565 2648 ornatu,
575 2599 655 2646 oppo·
692 2586 854 2646 dixit,‘uibii
863 2587 966 2635 videtur
975 2578 1109 2651 mundius,
1121 2602 1224 2638 necutr-

125 2664 164 2711 nit
176 2663 324 2725 ingluviem,
335 2662 433 2718 sordes,
447 2663 567 2724 inopiam,
585 2661 655 2710 domi
693 2661 731 2724 gis
743 2663 912 2724 compositum
925 2661 1073 2726 quicquam,
1085 2677 1135 2713 nec
1147 2652 1223 2726 magis

126 2737 171 2785 ubi
185 2744 254 2787 suut.
273 2737 414 2787 Farnobius.
693 2738 798 2800 elegans
808 2737 824 2783 ε’
840 2738 906 2786 hanc
926 2751 987 2786 vero
998 2738 1050 2787 ibi:
1069 2738 1078 2767 ⁴
1090 2740 1222 2791 Quacum

160 2815 190 2860 13
209 2812 261 2860 Nee
274 2812 654 2876 magisoompositumquidpaom]
692 2818 805 2861 amatore
825 2827 884 2862 cum
902 2819 998 2863 cenant
1019 2815 1179 2878 ligurriunt’
1193 2813 1224 2864 ad

126 2889 200 2938 Boua
220 2886 341 2936 varietas.
361 2903 418 2937 nam
431 2889 487 2939 iraec
505 2891 591 2939 omnia
609 2905 655 2953 per
692 2903 750 2952 qnae
761 2902 830 2936 nnuc
840 2889 930 2938 eodem
940 2889 996 2952 ipso
1004 2889 1098 2940 ordine
1110 2905 1161 2956 qno
1169 2905 1225 2955 pro·

126 2965 204 3026 uagis
215 2965 365 3014 adverbium
377 2965 493 3029 prosert:
510 2967 655 3016 necomnia
693 2965 779 3027 posita
798 2971 865 3021 siunt,
898 2966 1056 3029 respondet:
1086 2965 1224 3016 mundiciei

112 3056 176 3115 (per
187 3043 391 3105 comparativum
404 3044 520 3106 gradum.
537 3044 656 3093 Donatus.
693 3039 1170 3106 quidem,inluviem,sordes,inopiam
1182 3058 1225 3107 op·

159 3121 212 3169 Neo
236 3120 313 3180 mugio
329 3119 433 3182 elegans]
449 3121 526 3169 More
548 3136 603 3184 suo,
623 3134 656 3169 na
693 3131 807 3180 ponens3
819 3117 954 3166 modestiae
967 3132 1028 3166 vero
1041 3119 1066 3166 in
1079 3119 1142 3169 cibo
1158 3117 1226 3183 oapi·

127 3195 229 3243 diceret
248 3196 415 3257 compositius
437 3202 482 3244 aut
504 3197 657 3259 elegantius,
694 3193 939 3255 eudo,inhonestam
953 3194 1134 3257 voracitatem,
1151 3209 1225 3259 quarn

127 3278 249 3334 utsupra,
258 3272 271 3316 ‘·
280 3271 338 3320 Hoc
350 3287 424 3320 nemo
435 3272 483 3321 fuit
494 3272 576 3321 minus
584 3273 656 3336 inep·
694 3268 794 3317 duobus
806 3268 921 3317 versibus
927 3268 966 3317 bis
978 3269 1137 3320 describitz‘
1144 3271 1226 3326 Quam

129 3355 180 3408 tus,
191 3348 273 3408 magis
283 3337 406 3397 severus!
423 3349 497 3397 Idem.
693 3346 833 3395 inhonestae
845 3345 907 3395 solas
915 3346 966 3394 sint
975 3346 1043 3395 domi
1051 3353 1133 3412 atque
1145 3347 1225 3397 aridai

161 3427 190 3473 lt
209 3424 270 3479 Quae
280 3439 332 3473 cum
351 3430 454 3473 ornatore
471 3439 513 3473 suo
528 3439 598 3487 quum
615 3439 658 3472 coe·
695 3422 755 3472 eibi.
789 3422 849 3473 Qtro
868 3430 947 3486 pacto
970 3437 1004 3472 ex
1019 3424 1081 3487 jure
1105 3424 1226 3474 hesterno

126 3499 197 3562 aaut]
232 3501 318 3550 Unum
344 3502 403 3549 Cum
429 3500 579 3564 prepositio
601 3506 656 3550 est:
697 3513 788 3562 panem
801 3506 885 3547 atrum
896 3497 1008 3548 rorent!
1017 3512 1074 3547 esse
1084 3495 1174 3550 anteiri
1183 3513 1226 3562 op·

127 3579 236 3627 aiterum
258 3578 413 3640 conjunctio.
430 3584 457 3627 et
484 3577 581 3626 dieitur
600 3577 659 3626 baec
696 3574 947 3638 positamuudiciem
966 3581 994 3624 et
1012 3574 1139 3625 inluviem
1151 3583 1224 3626 exeo

127 3653 211 3718 figure
228 3652 360 3711 trendens.
373 3654 450 3701 litem.
695 3654 788 3716 liquet,
805 3653 874 3716 quod
887 3667 934 3717 per
945 3652 1069 3701 inluviem
1081 3651 1225 3703 immundus

160 3730 300 3792 biguiiunt]
317 3726 658 3792 'Aubroinipupoiquodso
696 3730 752 3793 quis
764 3729 867 3779 dicitur.
899 3728 1226 3800 TerentiuslinHeantout.

128 3807 238 3855 cundum
261 3806 369 3856 Grecos
397 3819 475 3854 errave
497 3805 659 3867 intelligitur.
694 3807 839 3868 ‘Neglecta
854 3804 985 3854 immunda
1002 3804 1121 3854 inluvie!
1143 3804 1241 3873 virgi-¹

127 3882 242 3943 Ligurius
275 3881 382 3941 dicitur,
403 3883 446 3945 qui
471 3881 606 3944 eleganter
632 3886 659 3930 et
696 3882 762 3931 lius:
779 3882 880 3930 ‘Foede
896 3880 1015 3930 illuvies?
1049 3881 1170 3933 Quodsi
1191 3881 1226 3929 is·

126 3973 199 4007 more
212 3972 301 4007 senum
321 3959 403 4007 mutto
421 3958 525 4007 fastidio
540 3957 659 4007 suaviora
693 3958 799 4019 giuoiem
815 3957 895 4022 legas,
912 3963 1086 4021 preterquam
1099 3957 1169 4021 quod
1181 3971 1225 4020 op·

130 4047 237 4096 querque
250 4035 379 4098 degustat.
390 4035 464 4084 idem.
696 4036 837 4097 positorum
849 4035 914 4083 ordo
933 4049 985 4082 nou
1003 4043 1164 4092 servaretur,
1179 4032 1229 4083 eti·

162 4112 192 4156 14
204 4109 347 4174 Ligariuot]
357 4112 511 4174 Exemplum
523 4110 604 4173 probe
616 4109 658 4158 de·
696 4126 735 4159 am
754 4110 779 4158 in
791 4111 839 4160 hoe
852 4111 930 4174 poe'ta
946 4118 1079 4174 peccaret,
1096 4112 1167 4176 quod
1177 4124 1225 4160 nec

129 4183 255 4245 seriptum
265 4186 322 4236 vide
332 4188 358 4235 in
371 4188 568 4237 Heautontrn.
581 4190 606 4238 l.
615 4191 657 4236 48.
695 4186 721 4237 iu
733 4188 819 4238 eiecto
834 4187 937 4251 quidem
959 4187 992 4237 ab
1011 4202 1039 4237 se
1052 4187 1145 4238 ordine
1167 4203 1226 4252 per·
