2676 4710
348 316 529 366 4444444
554 317 672 367 suna.
696 317 778 368 441.
800 319 858 368 ru.
882 319 933 369 so.
957 321 997 369 11.
1125 311 1210 378 1107

120 458 142 506 le
151 461 233 511 441441
240 456 308 521 point
317 471 361 520 por
371 463 532 509 4444441444.
547 458 630 509 Boecl.
717 462 748 509 41
761 462 795 510 Et
806 461 831 511 id
840 477 906 526 spero
914 463 1037 524 4414441444
1047 465 1113 529 4444]
1124 466 1155 516 14
1166 483 1210 518 su·

154 534 226 582 Nihil
234 538 352 582 monentur
361 533 462 596 nuptie]
476 535 534 583 Nou
546 542 647 598 pertur·
685 535 763 600 tiquis
774 535 847 586 libris
860 544 908 600 est,
923 538 1059 599 adiuturos:
1074 541 1100 591 in
1120 558 1210 596 recen·

122 609 218 659 bantur
235 611 340 673 nuptiae.
372 611 507 674 Moventur,
524 608 646 662 differuu·
675 610 1136 674 ,1114411144144141444411111444.
1192 634 1197 647 ·

122 693 176 736 141.
193 688 309 736 Donatus.
716 690 751 738 Et
762 691 787 739 id
796 706 864 753 epero
873 692 994 752 adjutam
1003 695 1068 758 deos]
1079 696 1163 747 Quum
1175 714 1209 749 er

157 763 646 828 Ν4,444444144414114]Ν44441141·
684 763 749 813 Mus.
770 764 921 830 quibusdum
946 767 1052 819 adducit
1071 771 1209 823 lectionem

123 839 180 891 bari
199 854 272 904 posse
293 841 398 905 nupua·
416 839 532 892 creduut.
552 841 646 891 Furno-
685 839 776 890 Rivius
787 847 811 891 et
822 842 847 891 id
857 857 923 906 spero
931 845 1050 906 4441414444
1057 848 1120 911 deos,
1125 863 1209 914 nequae

123 915 182 965 lias.
222 958 224 962 ,
684 915 779 978 placet.
795 918 935 968 Famuline.

70 1022 71 1027 =
154 991 219 1047 Quid
234 994 272 1040 414
286 1007 338 1041 eum
350 993 501 1042 intellexeras
513 993 540 1042 id
553 993 646 1043 consilii
715 996 748 1040 ts
765 993 835 1049 Quod
843 997 1049 1061 parutoopruest]
1063 997 1168 1050 Diserte
1181 1009 1209 1052 et

117 1067 213 1130 cupere]
234 1069 344 1133 Quaqua
362 1083 390 1123 se
411 1075 528 1118 verteret
546 1071 646 1133 Davus,
683 1067 776 1119 Latine
796 1069 871 1134 dixit,
895 1072 963 1128 Quod
981 1079 1066 1136 pereto
1084 1056 1141 1138 opas
1165 1084 1208 1128 est.

120 1142 222 1210 obuium
238 1143 413 1208 infestumque
428 1145 527 1195 invenit
543 1159 644 1206 senens;
684 1143 812 1196 Donatus.
1150 1198 1153 1204 ,

119 1227 147 1268 41
164 1227 250 1269 tamen
269 1221 308 1270 ita
327 1227 429 1269 versute
447 1220 468 1269 it
487 1220 597 1284 obviam,
615 1228 645 1271 ut
714 1221 746 1267 43
759 1220 815 1270 Nou
825 1221 920 1286 impulit
930 1226 1034 1287 4441144
1043 1241 1105 1275 uuae
1116 1228 1208 1278 omuino

120 1295 198 1344 etiam
217 1296 417 1360 comprehensus
439 1297 566 1347 elabatur.
594 1297 645 1347 Do·
677 1298 709 1346 ,41
720 1298 847 1360 crederem]
865 1299 920 1347 Nou
929 1300 1033 1364 impulit,
1042 1316 1094 1351 uon
1105 1317 1210 1366 persuu-

118 1376 197 1420 notus.
682 1368 726 1431 sit,
741 1384 793 1421 non
810 1370 929 1435 perfecit,
946 1380 976 1423 41
994 1375 1127 1426 crederem
1144 1377 1209 1443 Gly-

153 1448 217 1504 Qutd
227 1447 281 1497 ais?
296 1462 349 1498 oum
358 1449 517 1512 intemetum]
528 1449 645 1499 bimetur
676 1445 780 1497 ,cerium
792 1447 934 1509 peperisse.
966 1450 1071 1500 Etcum
1082 1450 1150 1502 dixit
1160 1468 1209 1501 om·

120 1525 265 1574 trochaicus
276 1526 450 1585 catalecticus.
466 1526 581 1574 1414444.
682 1519 747 1583 uino,
766 1521 879 1572 ostendit
889 1524 1008 1587 quedam
1018 1540 1046 1576 se
1057 1526 1209 1592 credidisse,

151 1605 182 1649 37
196 1602 247 1651 cur
256 1616 303 1650 210„
313 1602 379 1650 dixti
387 1603 502 1664 extemplo
510 1602 646 1665 Pamphilo]
682 1596 709 1644 14
731 1598 881 1661 quibusdam
899 1602 955 1664 jam
973 1616 1031 1653 esse
1050 1604 1210 1655 4114441444-
1251 1630 1255 1637 >

119 1675 211 1739 culpae
223 1677 354 1725 convincit
370 1690 438 1738 euru,
452 1677 520 1741 quod
531 1679 645 1727 revelau·
684 1678 747 1723 lum·
780 1675 849 1725 Mite
864 1683 950 1726 autem
965 1679 1071 1728 dantum
1093 1682 1152 1745 capi
1172 1682 1209 1730 in·

116 1751 153 1799 da
174 1750 331 1800 reticuisset.
364 1752 496 1803 Donatus:
518 1753 646 1820 ‘Quaqua
683 1748 756 1801 ducit
767 1765 863 1812 senem,
882 1759 911 1802 ut
922 1754 1050 1818 crederet,
1063 1756 1132 1820 quod
1144 1757 1209 1820 Gly-

117 1825 167 1887 sc,'
178 1829 229 1875 dcc.
244 1825 373 1877 Boeclous.
683 1825 778 1875 cerium
789 1842 840 1876 non
853 1829 1006 1892 peperisset.
1023 1830 1098 1881 Idem.

151 1905 183 1951 88
202 1902 264 1958 Quis
273 1903 350 1964 igitur
359 1917 411 1953 eum
426 1903 456 1952 41
465 1904 506 1953 illu
515 1904 645 1970 obstruxit]
712 1904 745 1950 44
762 1903 822 1957 eroe
831 1904 896 1953 dixit
907 1906 956 1953 siut
966 1920 1021 1955 uero
1032 1907 1122 1971 omniu]
1138 1910 1204 1961 Quae

118 1978 178 2028 Non
198 1976 294 2040 frigide
312 1978 410 2042 intulit,
428 1979 523 2029 dixisse
535 1996 580 2030 se:
591 1982 644 2030 sed
674 1984 773 2038 postea
782 1978 849 2028 dixit
858 1979 958 2029 Davus.
989 1982 1026 2031 Et
1036 1982 1103 2032 bene
1113 1985 1206 2035 cornio:

90 2093 92 2096 ,
117 2056 644 2118 44444444444414141144444141444411
681 2058 711 2101 1¹1
732 2058 961 2117 41111141141441
991 2057 1074 2106 mulis
1098 2059 1208 2109 credere

117 2131 232 2195 proprie,
241 2138 270 2181 ut
291 2146 378 2205 cupre,
402 2134 467 2182 ‘Me
485 2149 501 2182 a
521 2135 644 2198 Glycerio
673 2140 742 2177 ‚vera
753 2143 820 2190 esse,
831 2143 889 2193 quas
897 2131 988 2179 Davus
1000 2130 1075 2183 dixit.
1092 2133 1168 2184 Idem.

117 2209 239 2257 miserum
250 2208 402 2257 4141141411
419 2215 456 2272 41,
471 2209 645 2260 ‘Divellimur
672 2250 675 2254 .
712 2207 743 2252 4⁵
766 2204 846 2252 Mulio
865 2205 1005 2269 1141111114]
1029 2208 1110 2257 Mulio
1126 2211 1207 2260 etiam

115 2283 644 2348 indelplritusetPeliasmecum.’Douut.
680 2279 863 2342 comparativis
896 2281 995 2346 antiqui
1023 2282 1209 2345 adjunxerunt.

152 2361 211 2416 Quia
229 2361 308 2422 igitur
326 2360 391 2422 4441]
408 2359 468 2409 Hoc
485 2360 523 2409 sic
541 2361 644 2412 sudieu·
680 2352 758 2402 Idem·
1014 2403 1017 2410 .
1073 2406 1076 2411 .
1136 2406 1138 2411 ⁴
1198 2415 1201 2420 ,

116 2437 178 2487 dum
189 2443 239 2498 441,
249 2434 412 2500 4444141441,
426 2435 500 2486 Dici.
515 2434 599 2488 Idem.
712 2430 745 2478 46
762 2429 900 2484 0111111111
915 2431 1092 2494 polliciturum]
1108 2434 1208 2484 Pollici-

148 2509 370 2572 39111144141444]
386 2509 487 2575 Misere,
503 2511 645 2576 valde,ni·
680 2504 751 2570 tutio,
777 2507 915 2557 multarum
948 2520 1034 2558 rerum
1049 2510 1207 2573 ,promissio

116 2589 173 2639 mis.
188 2588 263 2637 Idem.
680 2580 755 2633 Idem.

149 2665 222 2714 Nasu
231 2664 385 2713 siliceum
394 2663 498 2727 expetit]
509 2663 643 2728 oratorie,
673 2684 676 2708 :
711 2661 743 2706 47
762 2658 845 2708 Guuto
864 2659 974 2725 444444]
992 2659 1162 2728 subauditur,
1180 2671 1208 2714 41

116 2757 166 2806 pro
177 2755 209 2791 eo
219 2740 288 2805 qnod
297 2747 348 2802 est,
359 2754 410 2789 nou
421 2745 532 2804 recusat,
543 2740 642 2804 expuit.
679 2733 727 2781 1141·
743 2732 827 2785 Idem·

115 2818 202 2867 Idem,
711 2813 744 2859 48
762 2811 828 2867 Quid
838 2811 910 2877 oliuu]
927 2812 981 2863 Pro
999 2827 1046 2863 cur
1064 2815 1137 2879 41144,
1158 2815 1208 2865 4114

147 2898 181 2942 40
199 2892 229 2942 14
244 2891 303 2940 suilli
320 2892 352 2940 dc
366 2890 468 2953 negotiu]
484 2891 525 2940 De
542 2891 643 2955 projec·
679 2891 806 2951 tempore.
823 2888 900 2938 Idem.

115 2970 187 3017 tione
200 2967 272 3032 pueri
281 2980 329 3029 pro
338 2964 446 3014 foribus.
462 2966 536 3014 14414.
674 3002 679 3010 .
714 2964 779 3019 Quid
793 2964 854 3013 41144
865 2967 956 3026 melion,
970 2962 1024 3027 ipo]
1042 2963 1075 3013 V.
1087 2962 1208 3014 Chresto·

150 3046 182 3095 14
191 3045 250 3095 utili
260 3047 291 3094 44
300 3043 403 3106 negotii]
419 3044 457 3092 Ut
473 3048 598 3092 caveatur
610 3044 642 3092 ab
679 3040 796 3087 11141114
807 3042 876 3087 clins.
894 3040 1038 3086 Boeclerus·

116 3120 281 3186 appositione
294 3119 368 3182 pueri
379 3123 439 3167 rute
451 3119 552 3168 ostium.
568 3119 642 3168 Idem.
674 3155 677 3164 .
713 3117 744 3162 51
761 3111 841 3175 Atque
850 3114 945 3162 444414
956 3112 1005 3174 ipso
1016 3117 1119 3177 tempore
1129 3129 1207 3167 eoscos

150 3198 182 3246 14
198 3195 299 3246 milido
314 3194 416 3257 negotii]
432 3194 470 3244 Ut
480 3192 643 3243 filiumtuum
680 3187 757 3252 ipsum
778 3187 881 3249 obviam]
907 3187 1037 3238 Numerus
1059 3195 1101 3246 41Ι
1117 3203 1207 3241 sensus

116 3274 144 3323 in
155 3270 239 3322 officio
258 3277 287 3320 et
303 3271 412 3320 honesto
426 3269 573 3332 nuptiarum
584 3282 644 3332 pro·
675 3264 788 3327 ‘pulchre
809 3263 978 3314 4444141144
998 3263 1091 3315 144444
1115 3257 1207 3331 utique¹

116 3349 205 3415 posito
216 3347 359 3406 1411444111,
370 3352 449 3409 atque
460 3343 642 3394 omniaharum
680 3340 759 3404 enim,
773 3355 823 3405 per
838 3341 888 3390 hoc
899 3355 1051 3405 pronomen,
1068 3342 1152 3406 ipsum,
1168 3343 1207 3391 iu·

118 3425 228 3475 consilis
251 3430 280 3472 41
304 3421 433 3471 machinas
465 3421 644 3472 intervortam.
680 3418 1006 3483 telligirnuschrerueteru:
1023 3417 1208 3482 4444141481-

118 3499 262 3550 Famuline.
680 3508 722 3544 mo
739 3495 877 3545 convenire
888 3495 961 3548 ,velle
973 3492 1094 3543 redixit:
1111 3506 1162 3542 uec
1173 3492 1206 3543 ab

151 3578 187 3627 11
214 3581 293 3625 tumen
323 3573 397 3635 idem]
422 3572 489 3620 idem
520 3570 644 3623 abundat.
681 3585 713 3621 eo
730 3572 776 3636 qui
788 3586 878 3622 secum
895 3570 1021 3635 loquitur,
1037 3566 1106 3630 exigi
1117 3567 1207 3629 debet,

115 3653 196 3718 Apud
219 3659 331 3712 veteres,
349 3647 507 3713 Temenidae,
515 3646 644 3710 integrum
680 3652 711 3696 ut
721 3648 805 3697 omnia
814 3660 878 3696 voce
890 3645 1036 3709 exprimat3
1052 3643 1098 3692 sed
1109 3643 1206 3708 aliquid

114 3730 181 3781 fnit:
193 3728 262 3778 unde
273 3726 342 3790 apud
350 3739 407 3786 uos,
415 3725 519 3784 taudem,
531 3728 558 3774 41
567 3726 644 3772 tomen
680 3723 761 3772 tacito
772 3721 860 3771 sensui
870 3735 916 3770 suo
926 3720 1066 3786 relinquet.
1087 3721 1207 3770 Donatus

115 3810 207 3855 uatum
223 3808 279 3853 est:
297 3801 334 3851 sic
352 3806 380 3850 et
395 3798 458 3848 idem
476 3804 504 3849 et
520 3797 644 3847 4441114441
680 3802 774 3847 temen.
786 3797 891 3847 videtur
908 3795 1004 3846 addere
1019 3795 1162 3857 Chremem,
1178 3793 1207 3843 in

116 3882 227 3938 dictum.
243 3880 361 3929 Dooutas.
598 3915 600 3918 ,
680 3871 732 3923 flue
750 3874 825 3937 liujus
840 3887 945 3922 versus:
962 3887 1021 3936 quae
1035 3870 1116 3919 dictio
1133 3874 1161 3918 et
1178 3869 1206 3920 in

151 3958 278 4008 14144144
286 3953 361 4017 1444]
370 3949 533 4010 1444414144,
542 3953 588 3999 aut
597 3962 644 4011 pro
681 3947 807 4011 aliquibus
828 3947 901 3996 libris
923 3945 1042 3997 ,Terentii
1064 3950 1121 3997 est:
1144 3945 1207 3996 14111

116 4042 204 4083 tamen
216 4032 328 4097 positum
340 4036 390 4093 est,
407 4035 452 4078 aut
462 4041 510 4092 pro
518 4017 643 4074 tandem:
680 4030 767 4074 temen
779 4022 867 4086 ,magis
881 4021 1024 4085 probantur
1038 4020 1207 4085 exemplaria,

117 4116 149 4158 ut
163 4110 209 4171 sit,
227 4109 265 4158 714
284 4108 378 4156 1444441
396 4105 438 4154 ltus
458 4104 555 4168 nuptias
571 4115 644 4166 perge
681 4115 739 4167 qure
752 4112 808 4147 estu
820 4095 985 4147 nonhabeut.
1003 4096 1118 4147 1144444.

110 4185 239 4243 socereito
248 4189 276 4235 ut
285 4182 360 4243 14414.
377 4181 460 4234 Idem.
714 4178 743 4226 14
753 4175 804 4240 ipso
814 4173 926 4240 tempore]
942 4172 974 4224 In
985 4173 1040 4241 ipsa
1054 4171 1204 4239 opportuni·
