2676 4710
120 316 206 380 1034
452 308 569 377 'norm
593 328 790 405 varrouun
816 330 856 376 ru

115 474 204 536 jerem
229 470 379 520 'l'erentium
402 470 545 520 ostendam.
578 471 646 521 Haeo
685 472 732 521 raei
749 472 899 535 explicatio,
919 483 951 518 es
970 479 1033 518 sero
1054 468 1150 518 nullius
1171 477 1212 518 est

118 557 258 599 testamen
268 547 499 598 miuusobservetn
517 547 646 598 effecitut
685 551 773 613 pretii.
805 550 837 599 In
849 556 911 597 uota
921 548 1049 610 superiori
1060 544 1162 597 fontem
1173 548 1212 610 ip·

119 629 241 692 permnltl
259 627 368 676 antehac
386 628 539 689 erraverint,
557 627 646 676 hodie·
685 639 740 674 sum
751 627 844 674 erroris
854 624 950 687 aperui·
973 623 1049 674 Quod
1059 632 1147 672 sutem
1157 626 1212 687 qui·

115 717 167 768 que
178 711 275 763 errent,
284 703 310 751 in
327 704 501 766 explicatione
514 717 603 751 versus
614 702 645 750 il·
685 702 744 750 dam
755 703 846 752 dicunt
855 702 889 750 de
898 700 1034 752 ,iudicibus
1044 699 1211 762 Fabalsrnsn,

116 780 179 839 lias,
190 779 232 841 qui
251 779 317 828 hunc
329 779 469 843 Prolognm
480 780 595 841 clandit,
611 778 646 828 ds
684 778 710 826 id
721 793 783 828 sene
800 793 888 828 verram
905 783 961 838 est,
979 785 1005 826 et
1018 784 1081 836 tres,
1098 785 1212 840 quatuor

118 854 240 919 qnojnm.
257 854 345 903 Faber.
683 855 753 904 locos
764 869 797 903 ex
806 853 979 916 Aristophane
992 853 1018 900 in
1030 867 1086 901 eam
1099 868 1153 902 rem
1165 855 1212 903 ali·

152 930 296 992 Relliquam]
321 930 387 979 Sunt
409 930 451 993 qui
470 943 517 992 pro
535 929 645 992 relliqm·
684 931 785 995 qnando
802 930 949 994 producam.
982 928 1035 978 Sed
1047 929 1095 976 hoc
1107 929 1211 992 quidem

116 1019 171 1054 rsus
181 1007 324 1068 accipiant:
340 1014 369 1054 ut
380 1006 415 1054 sit
426 1019 528 1066 sensus,
544 1006 584 1053 De
596 1008 643 1053 lrsc
683 1008 750 1068 loen
773 1008 806 1058 de
827 1009 878 1057 illis
896 1005 1031 1056 ,indicibus
1043 1020 1094 1053 non
1115 1006 1212 1067 agitas.

117 1082 206 1133 Falinis
217 1086 310 1133 sumite
321 1086 463 1147 specimen,
473 1090 503 1133 ut
515 1085 602 1134 scintis
611 1097 645 1132 sn
684 1083 842 1132 Additenim
853 1079 1043 1144 Poete(ooiis).
1076 1082 1211 1143 Ergonon

117 1169 221 1210 caetere
232 1162 305 1210 vobis
316 1161 466 1224 spectandae
483 1161 544 1210 sint,
575 1161 645 1210 Nam
684 1160 734 1208 illis
745 1161 856 1224 quinque
868 1158 1004 1209 Judicihns
1015 1156 1087 1220 queis
1105 1171 1166 1205 iistis
1183 1158 1209 1205 in

118 1237 279 1299 postmodam
292 1237 388 1286 dictum
401 1238 451 1286 alio
463 1238 580 1300 prologo,
590 1243 598 1265 ‘
610 1237 645 1284 A·
684 1235 788 1285 Graecis
799 1234 859 1295 fuit,
867 1249 918 1282 non
930 1234 1028 1281 Romae.
1055 1232 1122 1280 Illud
1132 1233 1211 1281 etism

7 1317 13 1325 “
117 1310 165 1362 liss
182 1315 313 1376 cognostis
324 1316 390 1379 ejus,
404 1328 491 1380 quoeso
508 1314 574 1367 hanc
586 1327 646 1362 nos·
683 1311 782 1376 (prinu)
800 1311 833 1359 de
853 1325 903 1373 qno
923 1325 1010 1373 snpra,
1031 1310 1113 1371 possit
1132 1315 1162 1358 et
1184 1310 1211 1358 in

117 1389 191 1440 cite!
207 1390 327 1441 Doaoiss.
684 1402 760 1436 sensu
772 1397 879 1450 recepto
889 1388 970 1449 sami;
987 1395 1015 1436 ut
1033 1387 1105 1449 prins
1120 1389 1212 1450 explo-

150 1466 296 1531 musmo]
312 1465 392 1518 Quasi
410 1466 519 1530 diceret,
538 1467 643 1517 Postre·
683 1477 712 1512 ss
723 1462 1212 1527 fueritFahnlsquamspectats;quod

116 1554 184 1591 mum
196 1559 202 1592 :
215 1556 277 1606 ergo
289 1544 438 1593 adverbium
450 1551 501 1605 est,
518 1543 543 1592 ld
555 1543 645 1605 est,ri
684 1540 768 1603 ipsum
785 1548 813 1590 et
830 1542 967 1590 Terentius
986 1541 1043 1602 ipae
1061 1540 1109 1589 sibi
1129 1541 1212 1590 inter·

117 1617 208 1668 λοιπόν.
240 1620 291 1668 Sed
304 1620 358 1668 sive
371 1620 419 1668 hoc
434 1622 559 1683 relliquum
570 1620 645 1680 dicit,
685 1617 745 1666 dum
765 1617 884 1667 evenisse
906 1623 1016 1665 testatus
1037 1615 1135 1664 slicuhi
1162 1623 1211 1666 est.

117 1696 172 1744 sive
184 1697 309 1758 relliquum
330 1710 377 1759 pro
387 1697 547 1758 relliquorum,
564 1696 645 1759 gerni·
686 1693 771 1743 Faber.

116 1779 178 1822 nato
189 1787 205 1820 a
217 1772 345 1821 scribitur.
362 1773 436 1822 [dnn.
718 1769 861 1832 Exigendae]
878 1767 1065 1825 Excludeudae.
1082 1769 1202 1817 Donum.

148 1852 182 1897 hd
197 1847 238 1897 De
248 1848 354 1910 integro]
380 1851 474 1898 Utrum
497 1848 593 1910 denno,
612 1860 645 1897 en
716 1846 851 1906 &igentia
869 1846 919 1893 siat
939 1845 1005 1893 ociis
1020 1844 1100 1908 priris]
1118 1845 1212 1894 Exclu·

115 1934 149 1970 ex
160 1922 271 1987 integris
283 1923 398 1973 Grecis?
413 1924 489 1973 leem.
684 1923 786 1983 deadse,
797 1924 858 1987 quls
868 1923 1016 1985 displicent,
1033 1936 1065 1970 ex
1077 1927 1164 1970 mente
1174 1923 1213 1984 ip·

150 2000 216 2055 Quos
226 1999 305 2059 societ
316 2000 450 2063 ennodius]
473 2000 605 2064 syllepsis,
615 2006 645 2050 ut
683 2000 736 2047 sius
747 1998 876 2060 Terentii,
891 1998 936 2062 qui
952 2013 1004 2046 suae
1016 1999 1096 2061 ipsios
1109 2006 1213 2046 sentem

116 2090 205 2140 supro,
216 2077 249 2125 sd
260 2076 645 2136 verbumenimsueietdeclina·
684 2076 728 2125 tiss
745 2088 848 2139 promus
866 2075 965 2124 condus
985 2083 1041 2138 opt.
1050 2090 1077 2125 ι.
1098 2076 1212 2139 Hecyrae

117 2154 166 2213 vit,
176 2167 226 2201 non
239 2153 271 2202 ad
280 2156 414 2216 spectando
423 2153 480 2201 sint.
497 2151 580 2204 idem.
684 2152 792 2215 Prolog.
809 2152 917 2202 ‘Novas
931 2151 974 2215 qul
991 2158 1096 2200 exactae
1115 2150 1168 2200 feci
1183 2158 1213 2200 nt

123 2233 127 2257 ³
149 2231 181 2276 ‘a
203 2226 645 2292 operienda]Proprieotfnhnlae,
686 2227 925 2290 inveterascereut,³
952 2235 980 2277 et
1000 2241 1069 2288 mox,
1094 2228 1213 2277 ‘Partim

116 2303 143 2354 ld
155 2311 205 2366 est,
215 2303 366 2368 probandae.
383 2305 458 2353 idern.
685 2318 840 2355 cumeorum
851 2309 971 2353 exactas:
989 2304 1083 2366 partim
1099 2304 1143 2351 aix
1161 2311 1214 2352 ste·

157 2379 296 2445 Spectmdoe
315 2395 346 2429 aa
367 2382 491 2442 exigendis
509 2378 560 2428 sint
579 2379 646 2429 nohis
686 2381 731 2431 ti:’
749 2387 778 2431 ut
789 2387 819 2430 nt
831 2381 918 2429 Pareo
936 2380 1022 2441 placet
1038 2381 1213 2439 erosniuoudoe,

114 2458 193 2521 prius]
208 2458 241 2508 ’ri
251 2459 358 2520 exigere,
366 2464 406 2506 est
417 2456 566 2520 explodere,
578 2457 645 2505 essi·
685 2472 702 2508 s
723 2457 880 2507 censoribus
902 2457 1015 2518 scilicet,
1038 2457 1082 2520 qui
1103 2455 1213 2505 Athenis

118 2533 208 2596 hilare,
217 2542 249 2582 'ut
260 2535 286 2582 in
304 2535 418 2594 Prologo
429 2534 553 2594 Hecyroe,
574 2532 645 2582 ιΝι·
685 2534 820 2582 constituti
840 2533 873 2581 de
897 2531 1009 2580 Comicis
1028 2540 1056 2581 et
1074 2531 1213 2583 Comoediis

31 2640 33 2646 ,
116 2621 163 2657 aas
174 2609 219 2671 qoi
231 2607 358 2666 exactas,'
376 2615 404 2657 et
414 2607 491 2656 stibi:
510 2606 645 2670 at,rlpri·
679 2607 841 2672 judicandis.
860 2605 999 2655 Familiae

118 2697 155 2747 trs,
183 2683 315 2748 significet
334 2685 430 2748 potins.
471 2685 566 2750 Itsqne
594 2687 647 2735 Pa-

543 2895 697 2962 AGTUS
721 2898 750 2962 1.

149 3065 240 3114 Sciens
252 3078 272 3114 ι.
289 3066 572 3116 Versussunttrimetri
583 3066 644 3116 ism·
684 3065 817 3115 invenitus
845 3078 893 3129 pro
921 3064 1000 3113 nihilo
1019 3065 1045 3113 iu
1064 3064 1164 3124 metris,
1183 3071 1214 3117 ei

117 3137 179 3186 hicl.
197 3139 365 3203 Undecimus,
376 3148 405 3191 nt
414 3148 578 3191 sustentetur
588 3155 645 3192 cre·
683 3143 794 3192 maxime
805 3141 874 3205 apud
891 3142 1076 3191 vetustissimos
1094 3142 1213 3192 Comico·

118 3212 180 3274 tino,
189 3213 251 3262 nihil
263 3229 327 3278 opus
339 3223 393 3266 est:
409 3232 467 3266 nem
477 3219 518 3268 vel
530 3217 645 3281 trisylls·
684 3231 750 3279 rum,
759 3224 790 3267 ut
800 3219 907 3266 Terent.
918 3218 943 3266 in
957 3217 1074 3266 Andria:
1090 3218 1164 3267 ‘sine
1175 3219 1213 3268 in·

118 3288 179 3338 hom
191 3292 370 3341 contractione
379 3291 409 3342 fit
418 3292 447 3340 τὸ
458 3293 582 3350 maiolus,
592 3294 644 3357 vel,
684 3291 753 3343 aldis
764 3292 867 3342 landem
885 3292 1000 3341 invenias
1017 3301 1044 3341 et
1058 3293 1155 3343 amicos
1165 3307 1212 3357 ps-

116 3365 233 3428 antique,
243 3367 346 3416 suellos
356 3368 461 3431 legitur.
487 3369 644 3421 Quintusde·
684 3369 743 3419 res?
784 3371 833 3418 Est
853 3369 923 3418 enlm
954 3369 1092 3419 iambicum
1120 3372 1212 3421 trime·

116 3440 197 3490 cimas
212 3442 293 3491 levari
309 3451 407 3507 potest,
423 3444 444 3492 si
454 3442 483 3493 rh
493 3449 516 3493 et
527 3445 554 3492 in
565 3443 643 3494 finem
683 3451 758 3509 trum,
768 3446 837 3510 qnod
849 3446 909 3508 niel,
922 3445 1038 3509 siriciani,
1054 3462 1101 3511 pro
1117 3448 1213 3498 tribra-

116 3517 291 3577 praecedentis
310 3519 454 3582 rejicistur,
480 3527 508 3570 et
527 3518 556 3568 ri
566 3522 644 3581 saissa
683 3521 731 3570 eho
743 3521 978 3584 accipiatur,stare
989 3536 1076 3572 sessus
1094 3536 1146 3572 nou
1163 3538 1211 3586 po·

115 3591 400 3658 immundeoslegstnr.
426 3595 552 3645 Decimus
561 3609 643 3645 nonus
683 3595 762 3646 testr'
786 3596 832 3646 aed
862 3598 955 3647 melior
983 3604 1023 3647 est
1052 3600 1212 3663 emendatio,

115 3669 212 3733 incipit
222 3685 237 3718 s
248 3671 498 3732 proceleusmatico:
514 3671 642 3735 precipu-
682 3686 758 3737 qnsm
771 3681 831 3736 post
840 3674 903 3723 alios
910 3673 1028 3736 Giryetus
1037 3680 1142 3723 secatus
1152 3681 1210 3725 esta

115 3761 146 3797 ns
161 3747 236 3798 labor
247 3748 273 3797 in
292 3752 333 3797 25.
345 3763 420 3813 qsrem
438 3749 509 3799 duris
520 3749 641 3799 remediis
679 3747 757 3812 juxta
773 3749 902 3799 Prisciani
918 3749 1124 3799 observationem
1134 3758 1212 3814 potu·

116 3825 235 3888 plerique
264 3824 338 3890 (vide
357 3823 498 3891 Fadannm)
523 3825 641 3890 Guyetns
681 3825 752 3888 isset,
766 3834 794 3874 et
805 3840 820 3874 s
831 3825 1064 3888 proceleusmatico
1075 3825 1209 3890 incipere:

116 3902 297 3952 emendatione
315 3906 471 3952 sustentant.
503 3900 535 3951 In
552 3905 593 3954 88.
612 3901 642 3952 ri
681 3903 842 3953 sisenmdia
851 3904 950 3965 lau-tpc.
983 3900 1015 3949 In
1033 3907 1074 3953 52.
1087 3916 1134 3967 pro
1145 3904 1209 3961 deis,

115 3980 152 4036 ut,
171 3979 247 4026 etiam
257 3980 338 4029 nostri
350 3980 416 4029 Mes.
427 3986 481 4029 tres
493 3988 644 4032 constanter
682 3980 735 4029 Μι.
756 3976 904 4029 Academia
929 3976 1157 4041 Argentorateusis
1182 3983 1211 4029 et

115 4050 243 4101 retinent:
260 4055 296 4104 itu
306 4055 470 4113 utsoeillime:
490 4062 519 4106 ut
530 4057 642 4108 creticus
682 4063 792 4120 uterque
808 4058 880 4106 mens
898 4055 994 4104 hebent
1004 4057 1094 4108 dehinc.
1128 4058 1160 4106 ln
1170 4073 1208 4109 aa.

115 4125 150 4173 sit
166 4126 224 4175 loco
236 4136 336 4191 quarto.
369 4130 410 4179 De
422 4135 462 4180 ³9.
475 4132 513 4181 its
530 4134 641 4185 Priscis·
680 4136 722 4182 eo.
739 4146 785 4196 pro
801 4131 921 4195 elusuodi,
942 4133 994 4183 Μι.
1008 4133 1089 4182 Acsd.
1104 4132 1169 4196 Arg.
1181 4140 1209 4182 et

117 4215 164 4252 nus
172 4203 218 4254 lib.
230 4218 250 4255 1.
265 4202 358 4270 ‘Apud
370 4205 475 4257 Latinos
485 4207 534 4258 hoc
545 4208 614 4259 idern
624 4223 641 4258 u
681 4221 794 4261 mosum
810 4210 886 4273 alter,
903 4209 1000 4260 hsbsnt
1016 4209 1166 4270 ludaeosodi:
1181 4209 1209 4260 in
