2676 4710
100 331 187 397 loeo
453 344 561 392 nors
584 341 785 391 vsnronuu
809 343 848 391 rs

101 506 147 540 nes
159 489 289 539 cruciandi
303 494 371 538 snut.
388 489 504 538 Donulss.
668 487 789 548 dispergat
799 484 873 548 mum]
902 483 1018 532 Omnino
1034 478 1192 531 scribenduu

136 567 274 630 Familiam]
306 568 411 616 Demean
443 569 471 611 et
497 562 628 612 Mitiouis.
669 571 717 617 est,
727 562 880 624 dispergeret,
891 560 960 623 quod
974 562 1043 608 rstio
1056 565 1195 621 temporum

103 643 243 691 Pornulius.
668 637 761 697 dooet3
774 652 857 701 neque
869 638 935 684 euim
947 635 1060 696 dixeris,
1070 635 1155 682 ‘illum
1165 633 1196 682 iu·

134 724 165 768 14
184 720 249 767 irum
260 717 331 778 lunc]
348 715 418 763 Hune
435 714 563 763 interdurn
581 728 628 777 pro
668 715 789 763 vadereru
810 723 837 762 ut
854 711 1028 774 interficiam,’
1058 712 1117 774 sed,
1133 711 1197 760 utin·

102 796 237 858 qualitate,
265 790 391 841 interdum
415 805 460 853 pro
483 791 629 853 quontitate
668 791 817 854 tersionem
836 791 929 853 alioqui
946 786 1198 838 soloecismusfuerit

101 872 251 932 accipimus,
263 868 390 917 interdurn
403 883 449 930 pro
458 874 576 931 utroque.
590 873 628 928 ut,
668 874 759 916 contre
769 875 883 929 tempus:
904 866 1049 928 legendum
1063 865 1152 928 itaque
1163 876 1197 910 ur·

101 948 225 1008 ‘Tuoque
239 945 348 992 unimam
360 944 409 992 hue
420 940 554 991 effundere
565 942 628 990 deu·
668 944 759 1004 bitror,
789 945 889 993 Cereiro
909 949 937 992 ut
958 945 1114 1006 dispergeret
1134 941 1197 989 rios.

101 1019 168 1070 trul'
212 1020 256 1081 Et,
272 1025 280 1046 ⁴
296 1019 373 1067 Hnuo
394 1033 443 1081 ego
465 1025 491 1066 te
513 1019 628 1080 Euryale
668 1022 777 1084 Eritque
795 1022 905 1069 dimeter
926 1020 1057 1069 lambens
1079 1033 1127 1082 per
1144 1031 1197 1065 uns·

101 1095 223 1158 sspioioi'
263 1095 315 1143 Sed
339 1108 407 1143 nune
428 1107 476 1156 pro
507 1102 627 1155 utroque,
667 1107 777 1160 paestum
791 1099 816 1146 in
835 1097 917 1161 primu
928 1097 1004 1156 sede,
1022 1103 1057 1146 ut
1068 1109 1138 1159 sepe
1149 1093 1197 1142 fieri

99 1175 159 1220 ione
171 1172 245 1220 dixit.
256 1181 284 1220 ut
295 1171 439 1229 Sallustios,
450 1170 626 1231 descriptione
667 1176 740 1223 solet.
753 1176 811 1223 vide
823 1190 881 1238 pag.
892 1179 950 1224 125.
971 1173 1064 1222 ruer.

101 1247 224 1297 Celtiberi
237 1249 283 1309 sit,
298 1248 392 1296 ‘Hunc
405 1248 485 1309 igitur
495 1246 627 1309 redarguit
698 1257 730 1300 19
750 1253 782 1301 Ul
803 1251 896 1301 cerebro
918 1251 1047 1314 dispergat
1069 1249 1146 1316 uim]
1167 1239 1196 1296 Et

98 1324 271 1388 Tarquinius!
290 1324 406 1372 Donatus.
666 1328 802 1377 cerebrum
828 1338 856 1377 et
883 1327 925 1376 ria
951 1327 1073 1390 dispergi
1101 1333 1195 1390 potest:

134 1401 258 1463 Eurorum]
275 1402 429 1461 Metuphoru
446 1398 514 1449 forte
536 1415 552 1450 u
574 1415 627 1449 oer-
666 1403 724 1452 ideo
756 1404 859 1453 ridetur
885 1403 1049 1467 ambiguum.
1078 1411 1108 1451 ut
1135 1399 1196 1464 opud

99 1480 227 1543 pentibus.
245 1477 386 1527 Fornolius.
665 1479 758 1541 virgil.
780 1481 945 1542 ‘Eusemque
964 1492 1060 1528 cruore
1078 1477 1195 1540 Spumun·

132 1561 162 1605 lo
180 1556 246 1604 Sulis
266 1556 324 1604 miii
345 1555 370 1604 id
391 1555 488 1604 ioleorn
505 1552 627 1618 supplicii]
666 1553 1015 1619 tem,spursssquemunus.’
1034 1552 1194 1602 Alitereuiu

100 1634 235 1683 Moraliter
247 1635 374 1698 loquitur:
386 1648 444 1682 num
457 1630 512 1681 fere
525 1632 627 1696 qnsndo
665 1629 771 1693 dicitur,
788 1631 926 1696 ‘Spargite
939 1631 1049 1679 humum
1063 1628 1150 1678 sotiis?
1163 1625 1194 1677 A·

98 1712 229 1776 qnisquam
242 1711 371 1772 irascitur,
388 1710 436 1759 sibi
454 1709 556 1757 videtur
573 1708 625 1757 for·
664 1708 735 1770 liter,
751 1710 906 1772 ‘Sparserat
920 1715 948 1759 et
959 1709 1057 1757 latices
1070 1707 1193 1756 simonos

98 1788 141 1843 tis,
153 1794 274 1851 tunquam
285 1787 328 1851 qui
341 1787 397 1850 plus
409 1785 496 1834 nudet.
512 1785 627 1833 Donatus.
665 1783 745 1833 fontis
755 1783 871 1833 Averni!
892 1784 968 1834 Idem.

131 1863 199 1912 nero
216 1863 274 1911 stilti
291 1863 317 1910 id
332 1861 428 1910 iulenm
443 1860 561 1923 supplnii,
572 1862 627 1907 dum
697 1864 729 1908 20
745 1860 895 1909 Adolescenti
911 1859 961 1924 ipsi
980 1862 1101 1925 eriperem
1112 1861 1191 1924 oeulos]

97 1938 152 1986 illos
171 1939 271 1986 ulciscor
286 1936 364 1998 modo]
391 1935 560 1986 summost.
587 1939 626 1985 1³.
664 1933 738 1984 Beue
759 1939 844 1997 orubs,
861 1938 953 1986 umoris
972 1937 1087 2002 iudices,
1102 1939 1192 2002 adjuto·

97 2013 336 2061 ‘Vindiotubonurn
347 2009 627 2076 sitsjucuudiusipsu.’
665 2027 756 2075 resque
767 2012 866 2075 flagitii.
886 2013 963 2062 Idem.

100 2088 241 2138 Fornnlrius.
696 2088 808 2138 Poslioee
813 2088 963 2151 precipitem
973 2088 1074 2152 durem]
1092 2087 1210 2140 Grurior'

131 2165 257 2214 Domitios
267 2165 366 2214 ulciscur
382 2161 460 2225 modo]
476 2163 572 2211 Verum
584 2169 626 2213 est
665 2177 741 2227 poeuu
763 2164 900 2226 cecitatis,
918 2178 970 2212 nou
991 2164 1135 2229 prouidere
1149 2178 1191 2229 quo

96 2241 161 2291 huno
173 2255 229 2290 esse
246 2240 394 2303 vindictum,
411 2254 470 2304 que
487 2253 520 2288 ex
537 2254 627 2289 receu-
664 2240 752 2289 codes.
772 2241 847 2289 idem.

98 2318 199 2367 tissimis
221 2316 326 2381 flagitiis
349 2325 488 2382 properato
511 2316 555 2367 sit.
583 2316 626 2367 Sic
694 2320 725 2366 11
745 2318 842 2366 Ceteros
852 2315 956 2378 mmor]
982 2316 1077 2380 liuere,
1089 2315 1193 2366 sutirum

94 2393 260 2460 Virgil.‘'1'e
278 2396 365 2444 Turne
386 2393 525 2459 superbum
547 2393 626 2443 Cede
663 2394 714 2443 viru
735 2395 824 2444 hebet.
856 2394 994 2444 Sallustius
1024 2396 1053 2444 iu
1078 2394 1192 2450 secondo,

97 2485 163 2520 uoru
185 2470 321 2536 quereus?
339 2472 456 2520 Donatus.
662 2471 739 2521 ‘Ictu
756 2487 843 2521 eorum
856 2472 899 2537 qni
917 2471 944 2519 in
956 2469 1068 2520 flumine
1080 2470 1193 2532 ruebant,

130 2553 161 2597 lo
172 2548 229 2598 Seni
239 2550 343 2597 animum
352 2548 454 2611 prinum
464 2547 625 2608 extinguerem
663 2548 844 2598 necabuntur!
879 2548 958 2596 liuere
981 2548 1065 2608 enim,
1087 2554 1129 2596 est
1144 2555 1193 2595 toto

95 2623 154 2685 ipss]
181 2624 254 2672 Bene
276 2624 451 2684 extinguerem:
478 2625 537 2685 quis
560 2622 625 2685 iguis
649 2612 771 2687 ¹corpore
793 2625 831 2672 uti
849 2623 880 2672 ud
899 2624 1106 2685 impellendum:
1128 2622 1190 2688 quod

97 2706 146 2746 est.
179 2697 319 2762 Virgilius:
337 2700 452 2762 ‘lgneus
470 2708 509 2748 est
527 2701 577 2748 illis
590 2701 625 2747 ri·
662 2699 821 2764 fuciunt,qui
832 2700 881 2763 ipsi
892 2699 1045 2761 precipites
1062 2700 1126 2749 ulios
1140 2713 1192 2762 pro·

97 2784 152 2834 gor,
167 2779 194 2819 et
222 2775 334 2822 celestis
362 2775 435 2838 origo
462 2774 626 2824 Seminibus?
663 2781 792 2825 sternunt.
826 2775 902 2824 Unde
931 2774 1042 2838 proprie
1061 2790 1190 2824 suesruere

97 2846 131 2894 Et
153 2843 261 2893 Primum
280 2847 390 2904 addidit,
416 2848 484 2908 quod
507 2847 625 2897 ordinem
662 2852 794 2900 dicuutur.
822 2851 1005 2913 Virgil‘ipse
1017 2852 1084 2914 ruit,
1095 2851 1192 2900 dentes·

96 2917 233 2983 signifiat.
248 2926 309 2968 lunc
319 2919 387 2967 eninr
406 2918 537 2981 adjicitur,
548 2937 625 2982 quum
663 2941 712 2991 que
726 2927 866 2975 Sabellicus
878 2927 983 2973 exacuit
996 2927 1063 2975 sus!
1097 2929 1132 2977 Et
1143 2928 1190 2976 Ho-

96 2998 177 3046 mults
196 2995 360 3059 subjicienda
387 3003 579 3043 monstrantur:
597 3001 625 3043 ut
663 3003 760 3049 resins:
779 3000 874 3050 ‘Hanc
897 3001 995 3050 rabiosa
1014 3000 1088 3065 fugit
1109 3005 1191 3065 canifi

96 3073 138 3122 eui
155 3071 240 3120 fructu
257 3072 328 3134 prius
347 3072 626 3135 moribundisque*
663 3089 694 3124 no
705 3076 832 3124 lutulento
844 3076 893 3124 ruit
904 3075 966 3125 sos!
986 3077 1066 3127 Idem.

96 3156 229 3198 etcaeteru
246 3145 317 3206 ritis,
334 3147 359 3194 iu
377 3147 524 3197 AEsclrinurn
542 3157 624 3199 totum
697 3151 802 3214 Ceteros]
828 3149 930 3200 Amoris
944 3151 1048 3202 indices
1064 3163 1093 3204 et
1104 3155 1191 3218 illices,

97 3235 250 3287 promovens
282 3221 438 3283 ostenditur,
470 3225 546 3273 etium
576 3240 625 3289 per
662 3227 888 3278 seeleromduoes.
905 3227 1054 3279 Fomoiius.

96 3301 180 3348 alieno
191 3297 328 3361 supplicis.
346 3297 423 3346 Idem.
697 3302 806 3366 Roerem]
825 3304 997 3366 impellerem.
1005 3312 1035 3354 et
1048 3298 1193 3357 dominatur

128 3375 198 3438 Seni]
215 3377 333 3424 Demere.
353 3374 494 3424 Famuline.
662 3380 702 3428 hic
714 3381 814 3427 rabiosa
826 3380 902 3427 litero
913 3380 1016 3429 cunina.
1036 3381 1114 3433 Idem.

128 3452 220 3515 Scelus]
238 3451 394 3500 AEschiuuru.
412 3451 486 3500 lum.
694 3455 808 3518 ugerni]
836 3454 1025 3517 Prosequerer‚
1039 3473 1190 3520 premerent.

129 3535 159 3579 17
176 3529 263 3593 Syrum
280 3527 440 3591 impulsorem]
461 3527 552 3578 Conse
571 3522 626 3593 poess
661 3532 798 3595 Virgilius:
816 3531 883 3579 ‘illu
904 3529 988 3579 fretus
1007 3534 1065 3594 ugit
1086 3535 1191 3585 uentos?

95 3621 143 3656 ne.
161 3606 280 3654 Donatus.
661 3606 692 3655 Id
706 3616 755 3669 est,
776 3607 854 3655 nimia
865 3607 1002 3655 eeleritate
1015 3612 1190 3675 persequitur,

132 3682 191 3738 Vols,
209 3681 292 3746 quibus
311 3680 378 3728 illum
394 3680 519 3728 memorem
540 3681 624 3745 modis]
661 3691 689 3731 et
711 3697 777 3746 pene
794 3689 915 3745 occupet,
933 3684 1128 3750 praereuitqne.
1145 3687 1191 3736 Do·

96 3758 148 3806 Hic
168 3758 286 3807 voluutas
306 3755 445 3804 immodico
469 3757 623 3820 ostenditur,
660 3763 740 3809 notun.

95 3848 197 3897 penum
216 3848 263 3897 pro
278 3831 370 3880 merito
386 3832 555 3894 reposcentis.
589 3833 625 3883 Et
695 3836 833 3897 iiendmem,
857 3839 880 3883 et
907 3840 1096 3904 mostermerem]
1127 3840 1188 3890 Vide

96 3920 167 3970 uota,
179 3925 256 3974 quum
269 3909 360 3972 Syrum
373 3907 478 3971 dixerit,
493 3908 623 3960 addidisse
660 3927 735 3976 qnam
752 3911 826 3960 fortis
843 3911 892 3960 sibi
909 3912 1039 3977 ridentur,
1058 3918 1105 3981 qui
1122 3904 1188 3967 dulet

96 3996 172 4035 uutus
184 3986 217 4033 de
229 3985 374 4049 supercilio.
391 3983 468 4033 Idem.
660 3996 687 4037 et
699 3989 829 4037 irascitur.
846 3988 922 4036 Idem.

129 4065 160 4110 18
176 4059 313 4124 Sublimem]
330 4061 385 4110 Ista
395 4076 479 4125 poeuu.
498 4061 573 4112 Idem.
690 4070 722 4114 2³
741 4067 794 4127 Ego
804 4079 855 4112 sum
865 4064 987 4129 Sostrata]
1005 4068 1075 4120 Huic
1083 4071 1142 4122 ideo
1153 4072 1188 4121 iu.

128 4137 256 4186 Sublimem
271 4141 371 4187 medium
393 4139 530 4202 orriperern,
546 4140 623 4203 cupite
658 4143 770 4201 ducitur,
787 4148 816 4189 nt
833 4139 969 4190 verisimile
992 4145 1027 4192 sit
1043 4161 1124 4210 supra
1140 4163 1189 4199 uon

57 4230 65 4245 ·
93 4215 233 4281 primumis
249 4222 337 4268 terrum
348 4219 622 4280 rememoremus
659 4219 905 4268 visrmSostrutum:
929 4219 1034 4281 quondo
1053 4223 1196 4275 etiumriu'
