2676 4710
330 336 515 386 rnnsurrr
541 337 816 387 nuscuntur.
840 341 873 389 v.
898 341 947 390 so.
975 344 1026 390 vr.
1146 325 1233 392 lusu

119 491 196 528 nunc
214 482 268 527 tam
287 479 384 528 otiosus
403 479 503 529 incedit
521 493 613 542 senex,
631 485 662 529 ut
706 481 882 545 ‡.Qucrn,trc.]
901 483 956 532 Cic.
974 489 1060 532 tamen
1078 496 1138 533 cum
1151 484 1233 533 Dati··

119 568 213 618 neque
224 568 308 604 mores
320 555 445 620 increpet,
461 557 661 622 necquidquam
698 569 741 617 vo,
751 561 776 605 2.
789 558 928 607 invectiva.
948 559 1089 608 Famabisu.
1105 594 1107 598 Α

121 631 277 695 suspicetur
299 632 374 681 mali:
400 633 444 680 sed
468 640 531 697 agat
562 633 661 696 gratiss
729 633 960 695 dQuiriramocst]
972 637 1070 696 Quare,
1083 636 1230 698 Quiricus,

120 707 254 771 proximae
274 707 351 767 vitta,
371 709 443 772 cujus
462 709 591 760 beneflcio
610 724 662 758 uon
698 723 776 773 quum
789 710 936 771 providerit
951 711 1118 761 venientem?
1134 713 1230 762 Utrum

121 784 184 846 ruit,
199 783 261 847 quid
280 783 308 832 in
327 784 390 833 urbe
411 793 518 847 agerent
534 783 592 835 tilii.
624 786 662 833 Et
698 800 749 835 non
767 787 823 835 vuit
840 786 924 834 videri
944 789 1099 852 providisse,
1116 803 1150 838 ue
1167 790 1230 853 quid

124 874 198 910 nunc
208 858 294 922 adest,
305 859 351 908 ubi
363 875 427 924 opus
438 868 479 911 cst
490 862 591 913 Poe'toe.
625 863 663 911 Et
698 860 811 912 fallacia
829 877 935 925 parasse
949 864 1086 912 rideatur?
1109 865 1154 915 Sic
1164 873 1192 915 et
1202 867 1231 914 in

122 936 188 987 vide
198 936 265 985 banc
275 950 378 985 causans
390 935 477 1000 fuisse,
493 951 541 987 cur
556 953 609 987 non
627 937 660 987 ad
697 936 806 994 Andria,
818 938 916 989 ‘Quasi
928 938 963 986 de
974 939 1116 1002 improviso
1127 941 1230 1003 respice

122 1013 217 1062 sillam
228 1013 372 1063 diverterit.
407 1014 506 1064 Omnes
523 1014 596 1064 vitias
616 1028 663 1064 co·
698 1013 731 1062 ad
749 1014 826 1063 eum!
852 1015 985 1078 Vei,quia
1002 1017 1172 1078 perturbatur
1186 1033 1232 1067 ex-

124 1089 210 1141 oriens
227 1089 390 1139 suburbanas
405 1104 475 1151 esse,
492 1091 660 1139 commodita-
697 1091 833 1155 animatus,
848 1092 890 1154 qui
907 1092 968 1140 dum
988 1093 1051 1157 quid
1068 1083 1137 1156 apud
1154 1095 1235 1147 Thau·

124 1173 184 1215 tem
193 1165 279 1229 ipsam
289 1178 357 1215 nunc
369 1167 485 1230 explicat
495 1173 523 1216 et
535 1166 662 1216 ostendit,
697 1166 755 1214 dem
765 1173 881 1229 geratur,
888 1168 1027 1230 auscultat,
1036 1181 1089 1215 non
1100 1167 1175 1216 ridet
1184 1170 1231 1218 Se·

123 1241 250 1290 Donatus.
696 1254 755 1290 uem
774 1241 880 1304 propius
896 1242 1033 1299 accedere,
1053 1257 1131 1307 quem
1152 1245 1230 1308 longe

156 1321 174 1366 2
190 1315 275 1380 Neque
285 1318 349 1381 agri,
363 1319 419 1382 isc]
435 1319 561 1382 Tragicus
579 1333 658 1382 appa·
696 1318 815 1368 uiderat?
833 1318 873 1366 Au
886 1332 948 1366 uero
962 1317 1060 1366 idcirco
1077 1318 1126 1368 boc
1143 1318 1235 1382 tingit,

123 1399 208 1442 retus.
240 1394 360 1443 Delicias
375 1402 510 1457 memorat,
527 1395 572 1458 qui
590 1394 659 1456 peri·
696 1397 758 1458 qnia
769 1394 838 1458 quod
846 1394 957 1458 parabat
968 1395 1057 1443 dicere
1066 1393 1102 1443 de
1109 1394 1228 1458 Chaerea,

123 1468 184 1518 cula
195 1470 348 1532 cogniturus
360 1478 410 1520 est.
427 1471 503 1519 Idem.
696 1478 833 1534 postquam
853 1471 968 1520 cominus
987 1477 1094 1520 ventum
1110 1476 1163 1533 est,
1174 1485 1230 1520 uun

159 1544 252 1594 Odium
269 1560 307 1594 me
324 1561 424 1609 unquam
441 1547 556 1610 percipit]
574 1547 660 1597 Fasti·
697 1545 776 1594 audet
788 1545 877 1610 loqui?
895 1546 1018 1594 Donatus.
1036 1581 1039 1585 .

123 1626 197 1677 dium
209 1641 242 1675 ex
253 1626 413 1677 abundantia
423 1634 472 1676 cst.
490 1629 565 1676 Idem
712 1649 714 1652 <
729 1623 791 1678 Quis
804 1623 870 1670 bom
882 1622 929 1684 cst]
950 1622 1031 1675 Quasi
1041 1622 1078 1672 de
1089 1621 1228 1686 improviso

156 1709 174 1754 u
189 1705 240 1755 Uti
250 1706 325 1755 metas
335 1706 481 1772 coepuflm]
492 1705 660 1758 suffecerant
697 1699 803 1762 respicit
822 1699 853 1747 ad
872 1701 973 1762 herum,
987 1714 1063 1763 quem
1081 1707 1142 1749 aute
1157 1701 1232 1750 uide·

123 1783 159 1833 sd
170 1783 238 1833 huuc
249 1785 404 1833 sententiam
416 1786 468 1835 duo
482 1786 628 1849 superiores
643 1787 661 1836 ii
697 1783 747 1823 ¹³1·
760 1774 911 1823 sanabit&
1191 1817 1193 1820 <

122 1872 233 1911 vemt:
251 1860 297 1910 sed
317 1858 423 1924 ἐνέργεια
441 1868 481 1910 est
500 1862 587 1910 senilis
606 1863 657 1911 elo·
729 1851 850 1911 mma
860 1851 1015 1915 Mfetmm]
1028 1852 1162 1916 Vifssffifflr
1172 1853 1182 1882 ⁴
1192 1853 1229 1903 Et

123 1935 191 2002 quii,
203 1934 283 1985 faceti
294 1944 322 1986 et
333 1937 429 2000 garruli
440 1936 524 1988 simul.
540 1939 616 1987 Idem·
663 1941 665 1945 ’
697 1925 982 1992 '⁰¹f211105bssihae8113
999 1927 1118 1978 ΠῡΜΐῑθ·
1178 1935 1201 1974 2.

135 2044 138 2051 ·
161 2013 321 2063 Udisotictus
331 2015 377 2078 est]
390 2016 473 2064 Deest
482 2017 561 2065 Nam:
573 2023 603 2065 ut
615 2018 659 2081 sit,
729 2009 745 2052 ⁸
764 2004 829 2060 Quid
845 2010 882 2053 ⁶⁸5
900 2006 961 2067 im
980 2005 1096 2068 mimi]
1123 2006 1237 2056 Imm*

125 2088 244 2139 mmai
251 2089 501 2156 „perampigfiffg
527 2093 660 2156 Egeoepgg
696 2080 758 2129 dum
776 2087 818 2129 est
838 2083 893 2130 seni
913 2081 946 2130 ad
962 2082 1098 2145 audienda,
1116 2097 1175 2147 quae
1194 2084 1237 2131 de.

124 2166 291 2230 promam,
326 2154 441 2226 satiem,
459 2167 561 2216 atium:
579 2169 611 2217 ab
628 2183 659 2217 ρο
697 2156 769 2206 faciti
787 2171 918 2222 nunquam
936 2157 1066 2209 fateretur
1086 2160 1227 2212 Parmeno.

124 2241 198 2307 quod
210 2243 345 2304 precedit,
357 2243 382 2292 id
394 2242 461 2307 quod
473 2244 600 2306 sequitur.
619 2245 659 2293 Id.
697 2233 771 2282 Mem·
1191 2276 1192 2280 ,
1232 2256 1236 2267 ·

132 2329 135 2333 ’
162 2317 211 2367 Uiri
219 2318 357 2383 rotiasficri
367 2318 660 2382 coepit‚commutotorum]
729 2312 825 2361 Satisne
834 2313 911 2375 odor]
927 2313 1007 2377 Saloe,
1022 2314 1132 2377 integre,
1143 2320 1230 2375 recte,

125 2397 237 2446 Frustra
252 2403 361 2445 annotat
373 2396 509 2444 Donatus:
526 2393 660 2445 ‘Suffece
697 2389 839 2439 commode.
882 2390 991 2438 Plautus
1019 2390 1045 2438 in
1067 2390 1227 2451 Trinummo,

124 2470 206 2533 ως
224 2474 274 2520 ἃς.
306 2472 335 2520 si
351 2471 658 2533 Grammaticusinspux.
696 2465 885 2515 ‘Benevolens
908 2473 966 2515 tuus
996 2471 1074 2529 atque
1098 2463 1228 2516 amicu'st.

123 2549 193 2598 isset
212 2548 297 2597 locoru
318 2548 441 2610 penitius,
461 2546 658 2609 deprehendere
696 2541 833 2592 unsatin’
845 2541 940 2591 sairei'
956 2541 1033 2590 Idem.

124 2623 224 2688 potuit,
244 2638 295 2672 non
313 2624 365 2671 nisi
381 2623 520 2687 abruptam
538 2623 658 2672 indecore
708 2613 1230 2681 1Sotiu'saiooe]Aidutiu'raiaedutruru·

124 2703 271 2751 orationem
296 2700 383 2750 stetim
402 2701 462 2750 ilinc
480 2700 657 2764 praecipitari:
696 2711 746 2761 que
758 2702 858 2746 rectum
870 2703 920 2745 est.
936 2695 1023 2745 Faber.
1068 2732 1070 2736 »
1181 2732 1182 2736 ,

124 2779 169 2826 sed
179 2780 244 2825 ertuc
253 2776 293 2825 iiic
309 2783 387 2825 noster
399 2778 533 2826 Parmeno?
569 2777 659 2826 Anim·
728 2772 826 2822 Satisne
836 2774 911 2837 robe]
926 2773 1001 2822 Nunc
1011 2773 1161 2824 adverbium
1170 2780 1229 2836 νοεῖς

126 2850 268 2900 advertere
292 2851 383 2901 debuit
402 2854 530 2914 amplius3
555 2854 659 2902 iustitu·
696 2850 825 2912 prodacta
853 2857 894 2899 est
915 2865 928 2899 e
950 2850 1036 2900 litera.
1079 2851 1229 2912 Sallustius,

125 2933 246 2976 tamtum
257 2925 436 2990 frequentibus
446 2929 537 2977 'verbis
556 2935 660 2978 senten·
696 2924 784 2973 ‘inde
804 2930 878 2974 ortus
898 2939 993 2986 sermo,
1012 2925 1228 2986 percontantibus

126 3003 201 3066 tium,
216 3016 267 3053 non
281 3003 337 3066 jam
359 3017 528 3066 supervacua,
548 3005 593 3054 sed
614 3020 660 3053 ue·
696 3002 836 3064 utrimque,
857 3000 932 3049 satiu'
954 3001 1034 3063 salve,
1057 3013 1132 3062 quam
1159 3001 1229 3063 grati

126 3078 242 3129 muenia
258 3077 366 3140 ἐξηγήσει
381 3080 555 3143 peragendam
572 3080 659 3129 fuisse.
697 3077 806 3125 ducibus
819 3075 881 3136 suis,
893 3076 995 3139 quentis
1004 3074 1173 3125 familiaribus
1182 3090 1229 3125 co·

126 3155 261 3206 uacum.
697 3154 747 3216 piis
761 3151 918 3215 agerentur?
937 3152 1055 3202 Danaus.

138 3231 288 3280 .Commuto
313 3231 399 3294 mam]
431 3231 501 3281 Mira
528 3231 659 3282 brevitate
730 3227 813 3276 Satine
834 3226 918 3290 succ]
941 3228 1009 3277 Vide
1034 3229 1227 3280 curastomath.

125 3305 192 3356 duas
204 3321 246 3355 res
259 3308 386 3370 explicuit
397 3306 483 3356 simul.
500 3308 618 3356 Donatus.
697 3318 756 3354 voc.
767 3305 825 3355 solu.
847 3305 991 3354 Boeclerns.

160 3385 178 3432 4
194 3381 243 3432 Sed
252 3389 288 3432 est
298 3398 328 3432 uc
339 3384 379 3432 uu
393 3388 472 3431 noster
484 3383 620 3432 Parmeno?
636 3391 660 3433 et
710 3413 713 3417 -
729 3381 822 3430 Sati'uc
839 3381 923 3444 αιῑυιε]
945 3382 1049 3432 Satisne
1069 3383 1148 3432 salute
1163 3386 1229 3432 ‘sunt
1266 3375 1271 3382 ⁸

125 3464 191 3509 certe
201 3459 267 3522 ipsus
277 3459 324 3521 cst]
340 3461 375 3508 Et
385 3459 526 3523 dubitavit,
538 3466 566 3509 et
576 3459 661 3509 firma-
698 3471 739 3506 res
750 3463 845 3506 nostrae
856 3458 865 3505 i
881 3458 990 3521 Legitur
1006 3465 1034 3508 et
1049 3459 1113 3507 salac
1124 3457 1229 3507 ¹'Adver-

125 3535 168 3584 vit
186 3544 293 3600 postea:
312 3542 402 3598 utpote
421 3550 511 3598 senex,
530 3537 585 3584 risu
602 3537 660 3600 jam
697 3534 810 3585 biaiiter.
821 3549 896 3599 quam
905 3536 1046 3585 lectionem
1056 3534 1228 3584 astruitur-is

127 3612 531 3678 imguido,arqueoco1isaetste
542 3612 660 3664 defessis.
698 3611 784 3659 sonius
797 3613 815 3660 l.
821 3615 846 3660 8.
857 3611 1015 3660 auctoritate
1025 3610 1101 3673 Livii,
1112 3609 1229 3666 Salustii,

128 3689 206 3740 Idam.
697 3687 796 3746 Plauti,
808 3686 925 3749 Ausonii,
935 3688 1049 3752 Apuleii,
1058 3691 1106 3737 dcc.
1125 3688 1229 3738 Far-uod.

161 3773 177 3816 ὁ
196 3766 274 3822 Quem
293 3767 446 3830 prcestolarc,
465 3766 599 3827 ‘Parntcnq
621 3766 660 3814 iu'c
730 3764 1229 3828 9‡Hcre,priruumta'urbitrariquodrrs

127 3846 184 3894 uste
201 3842 301 3904 ortium]
319 3845 408 3892 Nove:
426 3856 486 3902 non,
501 3842 547 3891 Cui
564 3848 661 3906 proesto·
698 3840 820 3902 cunctim]
830 3841 907 3891 Quod
916 3849 977 3890 aute
986 3842 1160 3890 narrationem
1169 3854 1231 3890 con·

129 3920 195 3968 later
205 3919 436 3977 remunemdixir.
468 3917 554 3968 Aliter
562 3920 660 3969 'Pullius
697 3915 809 3965 firmatio
828 3917 969 3980 inducitur,
980 3924 1071 3967 contra
1086 3924 1230 3967 moremvet

128 3996 157 4044 in
177 3993 331 4044 Catilinam:
359 3995 432 4046 ‘Qui
454 3994 501 4044 tibi
524 3995 555 4044 ad
576 3994 660 4044 forum
699 3992 900 4057 prae‘ceptuert:
914 3995 968 4044 ‘sed
987 3995 1228 4062 merito,quiaper·

127 4070 265 4120 Aurelium
284 4072 516 4135 praestolarentur!
555 4073 660 4122 Proesto·
697 4069 819 4120 turbatus
831 4076 880 4131 est,
892 4071 956 4121 iicet
966 4072 1041 4122 simui
1049 4070 1099 4121 ‘ut
1107 4087 1159 4122 nou
1169 4087 1229 4139 pos·
1263 4103 1265 4108 ·

128 4148 185 4210 turi,
197 4155 239 4196 est
251 4157 348 4211 praesto
360 4163 416 4198 esse
428 4155 457 4198 et
464 4163 601 4214 apparere,
611 4148 660 4200 huc
698 4147 733 4197 sit
743 4145 844 4196 dicere.
859 4148 980 4198 Donatus.
1075 4164 1090 4177 >·

130 4231 182 4290 sut,
193 4224 312 4289 obsequi.
329 4225 451 4277 Donatus.
711 4267 714 4271 ,
730 4223 798 4274 Here
814 4223 956 4288 comante
972 4227 1173 4292 otteramno
1186 4242 1227 4303 res
1331 4274 1334 4280 .
