2676 4710
177 292 265 371 {ooo
324 346 329 353 -
487 343 493 353 ·
525 319 637 367 norm
662 316 865 367 inurouuu
890 315 929 363 ru

212 464 243 510 li
265 458 399 511 Vobiscum
414 473 460 508 uno
478 459 548 508 simul
564 460 605 509 ubi
615 465 711 510 otum
746 457 792 508 ui!
810 458 941 507 Boeclerrs.
1001 513 1004 520 ,

179 555 252 604 ogere
271 543 391 589 decretum
411 543 446 587 est
468 536 532 599 niro]
558 538 611 586 Pro
631 538 710 594 simul,
779 539 810 583 1⁵
833 536 867 584 Ut
878 548 995 596 uunquam
1005 533 1056 582 uilo
1066 531 1146 582 umori
1158 530 1239 581 curbo
1248 525 1280 580 is·

180 616 317 667 ocribimus
338 615 417 674 umet,
433 628 466 661 ex
484 613 549 662 libro
566 614 710 674 Bembiuo;
746 608 824 658 cidere
832 609 1057 673 possitcolcmitus]
1075 609 1114 658 Ut
1131 622 1238 672 semper
1249 607 1280 655 in·

175 685 209 745 'nt
222 692 255 740 sit
264 691 338 750 ordo,
349 691 420 738 semel
430 691 549 738 decretum
559 695 603 739 eoi.
622 689 704 738 Idem.
748 693 789 735 ter
801 701 844 734 vos
857 701 928 734 autor
944 686 1041 748 valent,
1050 700 1137 749 neque
1149 690 1280 733 senectute

218 767 289 817 Vobis
297 782 349 814 cum
356 781 402 814 uno
412 767 484 815 semei
489 766 529 814 ubi
537 772 631 815 aetotem
640 780 711 827 ogere
748 771 793 812 aut
805 764 857 812 ullo
869 763 958 813 morbo
968 763 1112 814 discidium
1125 763 1212 826 possit
1222 761 1282 810 exis·

179 842 298 894 decretum
317 846 352 889 esi
370 840 435 902 viro]
453 842 551 890 Eadem
572 839 711 903 descripti·
748 846 814 889 tere.
828 841 989 903 Eugropbius.
1152 894 1155 899 ,

180 932 230 968 one
251 922 280 965 'el
299 917 465 966 contentione
497 918 579 966 utitur
603 918 711 966 Plautus
785 917 819 966 Ut
836 917 1026 981 antiquumqu]
1042 919 1079 968 Ut
1095 917 1192 968 ‘Quos
1204 915 1281 978 irrup-

115 1025 117 1037 ·
180 994 329 1046 Cistellaria
349 996 467 1043 1.1.r⁹.
485 997 534 1044 &e
566 994 652 1045 ‘Quia
663 1009 711 1056 ego
750 1000 779 1042 te
795 1000 869 1042 tenet
887 994 990 1057 copula,
1007 1008 1058 1043 non
1074 993 1281 1043 malisDivnlsus

175 1054 253 1121 'illum
279 1084 357 1119 nnum
377 1070 438 1119 mibi
457 1068 588 1135 exoptavi,
608 1072 711 1136 quicum
742 1070 916 1135 ‚querimoniis
939 1072 1066 1133 Suprema
1095 1070 1177 1119 citius
1203 1069 1282 1119 solvet

177 1153 286 1215 ritatem
298 1145 429 1208 degerem.
445 1146 500 1197 Gu.
517 1148 647 1197 Matrona>¹
660 1163 713 1196 ma·
750 1159 821 1195 umor
833 1145 893 1196 die!
911 1146 1005 1197 Horat.
1015 1148 1033 1197 Ι.
1044 1161 1063 1196 1.
1080 1146 1124 1197 od.
1134 1149 1177 1197 lt.
1196 1145 1282 1196 famo

181 1221 221 1286 gis
241 1214 403 1271 conducibile
419 1229 460 1271 est
481 1223 559 1286 istuc,
574 1238 630 1272 tneo
648 1225 713 1273 Sile·
751 1221 812 1270 bins.

181 1299 262 1360 nium,
273 1298 358 1347 Unum
375 1312 470 1360 amare,
490 1306 517 1348 et
536 1313 594 1348 curn
611 1314 642 1348 eo
655 1306 715 1348 ueta·
784 1303 816 1347 16
834 1298 921 1348 Nescio
943 1287 1025 1358 ulios}
1036 1313 1073 1348 rue
1091 1295 1202 1361 quidem]
1219 1295 1282 1348 Quid

158 1435 164 1447 .
183 1380 238 1426 tem
266 1375 383 1439 exigere,
401 1374 441 1424 cui
462 1381 545 1438 nupta
567 1382 607 1425 est
626 1375 715 1424 semel.
751 1389 836 1438 egam,
849 1376 1016 1426 veliementer
1031 1377 1138 1438 ignoro:
1155 1373 1222 1423 illud
1235 1386 1283 1423 oer-

180 1449 278 1503 Verum
298 1452 366 1501 enirn
389 1452 511 1500 meretrix
531 1451 657 1501 fortunuti
675 1460 715 1502 est
752 1459 807 1500 tuns
819 1458 868 1508 est,
880 1467 1011 1517 nunquam
1024 1466 1110 1501 meum
1123 1466 1166 1500 nte
1177 1463 1283 1500 commo·

182 1528 272 1594 oppidi
294 1525 431 1590 simillima,
450 1528 511 1578 Nou
531 1536 619 1592 potest
643 1543 714 1577 suain
752 1527 812 1577 dum
824 1529 878 1577 sine
891 1529 958 1579 illius
966 1528 1104 1591 commodo
1114 1539 1285 1593 computasse.

177 1618 237 1653 sem
249 1601 368 1652 obtinere
380 1603 445 1664 sole,
460 1602 515 1651 sine
534 1604 620 1652 multis
637 1602 716 1653 viris!
752 1605 917 1667 Eugrupbius.

183 1678 315 1731 Boeolcrus.
787 1682 875 1730 Nescio
887 1681 964 1731 uliae:
980 1697 1017 1731 me
1028 1680 1078 1730 scio
1088 1681 1186 1743 quidem
1201 1693 1285 1743 semper

178 1746 183 1826 J
218 1753 288 1818 Viro,
311 1753 415 1819 bitum]
443 1755 714 1820 AdverteSyntaxin.
745 1757 836 1817 secuse
857 1759 936 1806 sedulo
958 1758 997 1820 ut]
1015 1756 1106 1820 Aliqui
1129 1756 1203 1818 libri,
1221 1756 1285 1805 inter

187 1831 245 1884 Viro
257 1832 291 1882 lii.
309 1826 462 1883 Furnabius.
748 1848 817 1897 ,qnos
839 1832 983 1882 Bembinus
1009 1839 1038 1881 et
1054 1832 1234 1896 Basilicnnns,
1251 1831 1286 1880 ita

217 1912 248 1959 1³
268 1907 342 1968 thiru
362 1920 412 1956 moe
433 1906 536 1957 muxiute
555 1906 602 1971 est]
619 1902 715 1956 Verum
753 1909 902 1958 collocent:
930 1924 967 1958 me
989 1909 1084 1996 qtp'dem
1116 1922 1211 1972 semper
1235 1907 1286 1956 scio.

181 1987 222 2039 bit
239 1988 355 2037 moribus
368 2001 395 2035 se
408 1987 508 2037 sociant
518 1986 601 2048 vobis,
616 1988 659 2050 qui
670 1988 716 2035 ha·
754 1999 805 2048 qno
816 1983 892 2032 ruodo
904 1985 1038 2047 oportebit
1049 1999 1081 2032 ex
1090 1985 1188 2047 quidem
1202 1999 1227 2033 m
1245 1983 1287 2033 eli·

182 2063 246 2114 bent
265 2063 334 2113 lrunc
345 2076 453 2125 morem,
464 2069 492 2113 et
506 2062 615 2112 similem
627 2062 716 2112 volun·
755 2059 833 2110 dere:
852 2059 966 2123 quamvis
978 2066 1105 2124 sequente
1119 2069 1287 2110 consonante.

185 2145 277 2189 tatem.
293 2129 457 2202 Eugrupltius.
755 2137 796 2185 vel
808 2134 877 2184 forte
888 2151 925 2185 me
936 2135 1029 2199 quidem
1043 2135 1104 2192 erit,
1122 2151 1160 2185 me
1178 2136 1288 2199 equidm,

220 2214 294 2275 quius
304 2227 354 2262 moa
364 2213 468 2263 monime
479 2219 515 2263 est
525 2213 656 2263 consimilis
666 2229 716 2264 css·
756 2212 818 2260 elion
830 2227 845 2259 e
862 2226 894 2259 ex
908 2227 954 2272 me,
970 2211 1040 2276 quod
1056 2219 1087 2261 et
1103 2213 1130 2261 in
1149 2213 1287 2276 scriptura,

183 2291 260 2354 irum]
281 2291 365 2343 Quam
381 2288 489 2342 honeste
510 2299 538 2342 et
558 2293 717 2343 sententiose
755 2301 805 2338 non
814 2289 895 2337 solum
904 2288 928 2337 in
940 2289 1077 2337 scansione
1086 2287 1170 2338 fiebat
1179 2288 1287 2353 untiqui-

181 2356 219 2416 'de
242 2368 405 2417 matrimonio
428 2368 561 2432 loquitur!
588 2369 718 2432 repetitur
757 2371 809 2413 tus.
829 2363 969 2413 dictionem
981 2379 1044 2414 vero
1061 2370 1089 2414 ut
1108 2365 1170 2414 libri
1187 2365 1288 2415 Bembi-

186 2442 455 2506 sententlu,novaqne
465 2444 596 2506 elegantia
607 2444 719 2493 vestitur
753 2454 804 2509 ⁴nus
823 2447 851 2488 et
876 2439 1040 2490 Victorianus
1061 2440 1184 2505 sequenti
1205 2438 1287 2490 versui

182 2515 342 2566 Phormione
352 2531 370 2566 1.
379 2521 402 2567 2.
411 2521 497 2567 bueo.
508 2517 542 2566 de
551 2517 718 2567 adolescente
758 2515 914 2566 attribuunt.
926 2517 969 2581 qui
978 2517 1026 2567 boo
1037 2516 1116 2566 modo
1127 2516 1288 2568 fitoctonsri·

183 2585 297 2658 {rumim
326 2591 402 2641 ‘huo
431 2593 564 2642 transtulit
587 2593 719 2657 Amorem,
758 2607 788 2642 us
801 2600 829 2642 ut
841 2602 991 2658 sequentes.
1003 2591 1124 2643 Fa'e'ruus.

185 2673 324 2732 'postquam
344 2682 392 2732 par
410 2667 539 2732 ingenium
558 2678 650 2719 nactus
662 2669 720 2721 est!
788 2667 880 2739 'Nescio
901 2669 977 2718 oliuu:
994 2670 1137 2733 mequidem
1152 2686 1176 2722 s.
1193 2670 1287 2734 scios]

183 2739 318 2815 ,noceres
758 2745 1175 2810 QuidErrgraph.sibivult,oum
1186 2754 1289 2798 unuotst

185 2874 188 2881 ,
220 2823 251 2867 li
268 2819 324 2868 Hoc
335 2817 445 2884 beneflcio
463 2819 559 2882 utrique
573 2819 603 2869 ob
613 2821 720 2885 utrmque
753 2822 846 2874 ‘Quid
861 2821 1175 2887 egam,'&c.?corrupta
1191 2824 1290 2884 hecti·

186 2909 243 2945 oero
254 2895 416 2959 deoiroeimiui]
434 2892 471 2944 Ut
481 2896 549 2945 bunc
561 2910 663 2946 versum
680 2899 719 2946 in·
758 2897 861 2949 dentur.
868 2900 946 2948 nescio
952 2898 1120 2948 ulicaniwc‘or
1126 2899 1211 2950 dunen
1217 2918 1288 2964 quau·

186 2972 295 3039 sititium
306 2986 337 3022 ao
353 2969 492 3021 delendum
511 2977 616 3036 putaret
634 2973 720 3039 Guye·
758 2978 804 3024 κῶν
811 2973 844 3036 μὴ
852 2978 1049 3039 πολυπραγμονῶ.
1060 2976 1185 3040 honesta,
1196 2987 1222 3026 et
1230 2983 1288 3040 -aptr

187 3054 239 3112 tus,
251 3063 302 3098 vox
317 3061 373 3097 oero
390 3043 497 3098 effecit:
514 3064 573 3113 quie
585 3064 612 3100 se
625 3065 720 3114 appuo·
759 3052 852 3114 virgini
862 3050 931 3100 domi
940 3054 1069 3102 concluse
1078 3054 1174 3104 oratio.
1185 3055 1288 3104 alteram

188 3123 455 3186 bareeinonpotulb
488 3123 720 3187 Argentoratensis
759 3142 864 3194 quoque
883 3135 985 3190 partem
998 3129 1143 3192 Eugraphii
1164 3131 1287 3194 iuterpre-

184 3198 280 3248 'Codex
290 3199 368 3248 habet
378 3214 385 3246 τ
403 3207 472 3263 utque
482 3200 525 3248 boo
537 3199 648 3267 beneficio
658 3201 720 3252 utri·
759 3204 825 3253 tatio
832 3201 896 3253 l‘aclt
904 3204 1165 3270 eluuquescere,quae
1174 3207 1287 3266 attollor·

188 3280 242 3338 que'
252 3273 282 3322 nb
304 3274 411 3337 utrinque
432 3281 538 3324 oestrum
558 3277 720 3329 deeisoimini.
758 3279 793 3346 du
805 3287 845 3329 est
862 3280 888 3328 iu
901 3279 1016 3342 vigorem
1028 3283 1169 3330 sentcnriae
1183 3283 1287 3333 destim-

187 3351 256 3399 lsne
268 3351 331 3415 quin
349 3349 379 3398 rb
388 3364 442 3400 cero
453 3350 605 3400 mutandum
623 3351 666 3409 sit,
678 3355 721 3402 vix
760 3362 831 3404 lum:
850 3370 900 3418 ego
911 3369 1129 3420 semperoperum
1146 3344 1287 3416 dedissies

187 3426 315 3503 dubitem.
324 3432 412 3477 cetera
423 3427 551 3477 sententia
564 3428 629 3478 boue
641 3437 682 3478 est
694 3437 721 3480 et
758 3432 921 3499 illius(amici
933 3432 985 3480 mei
998 3431 1103 3497 Clinia)
1118 3437 1240 3499 ommnodo
1249 3449 1288 3485 rue·

188 3503 305 3566 elegans,
325 3502 506 3566 constabitque
532 3503 553 3551 ei
574 3504 625 3566 vel,
649 3506 722 3567 ultro,
760 3524 968 3572 umcomporurem
979 3511 1133 3560 eormredum.
1144 3500 1287 3577 iiliuslonge

187 3576 271 3643 legas,
294 3579 344 3642 vel,
372 3577 484 3643 beneficio
505 3585 602 3642 situque
628 3581 722 3645 utrique
761 3583 892 3654 efficacius
912 3592 952 3634 est
972 3584 1104 3648 hocloco,
1125 3602 1204 3651 quam
1226 3589 1307 3649 areu·

188 3661 293 3717 nestrum
303 3654 464 3703 devincimini.
480 3670 500 3703 s.
511 3655 605 3718 utrique
615 3649 723 3722 utrisque
762 3660 830 3729 qnod
851 3661 971 3726 (luyetus
992 3662 1138 3714 substituit.
1165 3675 1289 3732 perpetus

188 3736 302 3799 oestrum.
324 3741 475 3794 quamquam
496 3729 559 3779 illud
578 3732 722 3796 elegantius
761 3737 921 3789 consuetudo
933 3738 986 3787 stili
1005 3738 1105 3788 Comici
1118 3745 1290 3798 monstrauet

189 3802 238 3872 est,
245 3806 267 3856 sl
275 3802 550 3869 libriuastipularentuu.
557 3814 629 3857 certe
638 3809 662 3857 in
672 3824 723 3858 me·
763 3815 927 3878 Interpreteu
935 3820 1058 3878 mouent,
1066 3813 1098 3862 rb
1105 3815 1158 3873 iilo,
1168 3817 1219 3878 ille,
1229 3830 1291 3865 ane·

192 3897 264 3932 orum
273 3881 337 3930 Mos.
349 3893 409 3938 uno,
420 3881 455 3943 uqi
463 3881 555 3946 utrique
564 3886 723 3949 superscrip·
764 3890 828 3938 torie
839 3888 871 3937 de
882 3896 941 3938 nota
951 3903 1061 3953 persons
1075 3893 1209 3954 usurpari,
1217 3900 1243 3943 et
1252 3890 1292 3950 riu

189 3952 246 4010 lum
255 3964 309 4009 est:
326 3959 475 4023 suetoque.
492 3962 581 4010 nescio
602 3977 634 4010 un
651 3963 723 4013 malit
762 3963 876 4032 ἐρωμένην
883 3972 930 4029 ¹aut
940 3965 982 4014 ebo
998 3965 1110 4030 ἐρώμενον
1121 3977 1226 4019 norece.
1236 3984 1292 4018 conr·

190 4028 283 4102 ‘uliquis
299 4036 344 4087 tali
361 4037 476 4088 rernedio
499 4038 627 4104 perfungi,
647 4041 722 4105 quum
759 4035 862 4107 parandi
883 4057 932 4090 uox
952 4042 994 4091 hic
1006 4044 1143 4106 eleganter
1159 4033 1294 4108 significet,

191 4112 318 4162 recidere.
352 4112 384 4162 In
401 4115 559 4166 Phormione
569 4121 610 4180 (ν.
627 4121 652 4166 8.
672 4117 725 4182 11.)
763 4135 794 4168 ec
805 4120 827 4166 si
842 4119 963 4180 dixisset,
980 4125 1010 4167 ut
1028 4133 1114 4168 meum
1134 4114 1293 4171 commodum

191 4184 263 4260 legas
275 4205 280 4233 :
294 4189 370 4253 ‘quia
381 4194 491 4255 uterque
506 4193 608 4257 utrique
616 4199 656 4243 eit
667 4208 723 4243 cor·
763 4197 919 4267 morimarem
930 4209 963 4243 ex
983 4195 1062 4259 ipsius
1080 4197 1226 4248 commodo.
1244 4192 1294 4271 exi·
