2676 4710
195 322 282 389 1042
447 346 452 353 ·
516 336 649 386 noum
674 336 874 387 vauronuu
898 338 949 397 iu,

196 477 396 530 liuaCiceronia.
414 477 551 526 Farnobium
751 508 756 513 ·
789 479 886 529 Interea
899 479 994 544 netur]
1011 480 1064 531 llic
1081 480 1207 545 digreealo
1225 489 1282 533 ert:

227 561 259 606 41
279 553 419 616 Obrequiun
439 553 536 614 maror]
557 551 608 603 llio
630 567 719 604 verona
758 566 818 603 nrm
837 557 970 620 proposuit
987 557 1067 608 Gnati
1087 559 1165 608 vitam
1185 557 1284 608 dicere.

197 629 434 698 per'improperiurn
447 635 494 678 eat.
512 630 629 682 Donatur.
652 606 660 667 ¹
759 631 835 680 idem.

227 706 328 757 'Veritus
337 705 415 755 odium
424 705 720 768 purit1Faluumeatan·
790 706 884 756 Abbiac
898 707 1036 772 mamm]
1054 707 1201 759 Artificioue
1217 708 1286 757 dixit

198 791 251 834 tem
262 784 328 848 qnod
341 784 432 833 Cicero
442 784 507 834 dixit
522 785 653 849 ebrequium
669 785 721 848 pri·
758 783 895 846 triennium,
913 799 972 834 cnm
989 791 1078 849 portet
1095 785 1151 847 plue
1166 784 1285 833 minuare

197 874 267 910 mnm
297 859 393 908 dixisse
422 860 588 910 Terentium:
615 875 672 909 cum
693 866 722 910 et
759 861 882 923 temporie
902 874 1017 925 ponere:
1035 869 1064 910 nt
1083 862 1119 909 rit
1139 860 1288 922 verisimile,

197 936 306 987 Plantae
317 944 345 987 et
356 937 461 987 Noeviua
476 945 537 988 ante
549 938 676 989 dixerint:
694 944 722 988 et
760 950 837 986 annm
845 951 937 987 mnum
947 935 1025 986 suinae
1035 937 1136 1000 pudica
1147 950 1285 1001 paremque

200 1019 241 1062 ert
251 1013 378 1062 cententio
385 1010 519 1076 παράδοξος,
527 1020 554 1062 ot
562 1014 641 1076 magia
651 1014 722 1063 tbea·
760 1012 820 1062 vitra
830 1028 837 1062 r
854 1021 1014 1077 sequentem,
1024 1012 1177 1063 conditionis
1193 1026 1286 1075 accep·

200 1094 242 1138 tro
256 1096 325 1154 apta,
339 1103 416 1153 quam
432 1085 526 1152 officio,
541 1087 575 1138 de
592 1102 642 1154 qun
657 1089 724 1138 Tul·
760 1094 812 1140 taor
840 1091 955 1151 tertium,
975 1090 1073 1140 mortie-
1109 1089 1199 1138 Primo
1222 1102 1286 1150 ergo

200 1165 250 1215 lina
262 1168 343 1216 multa
356 1166 429 1216 dixit.
445 1165 520 1215 Idem.
761 1179 827 1213 auno
849 1165 967 1228 ignorata
985 1169 1027 1215 eat
1044 1165 1134 1214 domna
1152 1163 1288 1227 Chrysidir

234 1243 375 1306 Obsequium
393 1241 489 1307 qmiror]
513 1243 647 1293 Sententia
664 1257 723 1306 pro·
760 1241 910 1305 Pamphilo:
927 1241 1039 1291 secundo
1058 1240 1181 1304 Glycerio
1199 1240 1288 1304 cogol-

200 1318 295 1369 babilie
305 1319 395 1383 megia,
403 1334 478 1384 quam
489 1321 634 1371 necessaria
644 1327 671 1370 et
681 1322 724 1370 bo·
761 1323 820 1366 tna:
837 1316 926 1378 tertio,
940 1318 1028 1380 unprit
1042 1316 1191 1380 Glycerium
1208 1315 1287 1364 Pam·

201 1401 284 1445 nesta.
301 1396 374 1446 lom.
481 1454 483 1459 Ι
760 1392 840 1457 philo,
863 1399 891 1442 et
913 1394 1010 1457 pariter
1033 1393 1133 1442 invenit
1157 1400 1288 1455 parentea.

235 1469 576 1533 Obrequiunromiror,oeritor
589 1472 667 1522 odium
681 1487 724 1534 pa·
760 1469 837 1519 Idem.

200 1545 246 1608 rit]
263 1546 314 1597 Qui
331 1547 441 1611 aliquam
457 1549 499 1598 hic
517 1549 607 1599 Pobtae
623 1549 723 1610 culpam
792 1548 824 1594 43
841 1544 898 1594 Huc
915 1545 1020 1609 moinie]
1040 1545 1140 1594 Vicinioe
1154 1542 1287 1606 ropinnou:

202 1628 356 1686 agnoscunt,
386 1629 414 1672 et
441 1625 593 1673 seutentiam
619 1623 724 1673 minime
761 1618 811 1669 boc
821 1620 882 1677 loci,
902 1622 943 1669 uel
961 1621 1010 1670 bno
1023 1621 1145 1670 locorum.
1179 1621 1288 1682 Legitur

201 1695 310 1758 probam
320 1710 378 1745 eane
393 1697 557 1761 arbitrantur,
574 1703 646 1748 certe
662 1699 724 1748 aliar
761 1700 789 1743 et
799 1694 853 1743 liuic
863 1694 964 1744 einaim
981 1695 1063 1747 Idem.

203 1784 245 1819 rer
256 1777 350 1832 agunt:
368 1783 450 1834 neque
461 1773 529 1822 euim
540 1773 669 1822 sententia
684 1779 724 1822 eat
793 1775 825 1820 bd
837 1772 960 1834 lnopic,et
969 1778 1120 1834 rumorum
1128 1772 1289 1835 negligentia]

202 1859 236 1895 ex
244 1845 284 1906 iia,
292 1859 350 1909 qum
358 1846 510 1908 decernunt,
517 1847 577 1911 qnid
585 1847 642 1896 fieri
651 1861 724 1910 opor·
761 1845 885 1896 Laudatis
896 1848 1024 1910 Pamphili
1038 1847 1151 1897 moribus
1169 1848 1214 1912 qui
1228 1861 1290 1897 mox

203 1925 276 1982 teat;
292 1919 339 1969 aed
351 1921 477 1985 enuntiat,
489 1924 550 1987 qnid
562 1922 617 1984 flat,
628 1937 660 1972 ex
672 1937 725 1972 mo·
762 1921 843 1970 ducet
865 1937 980 1984 uxorem,
1003 1929 1121 1987 superent
1141 1928 1170 1971 nt
1191 1921 1289 1971 futurae

204 1996 275 2044 ribnr
297 2003 455 2058 temporum:
480 1998 540 2062 quid
563 1999 655 2048 clarina
681 1999 726 2047 illa
762 2010 862 2060 qnoque
883 1998 1066 2059 matronae‚'id
1086 2003 1133 2059 ert,
1157 1998 1290 2062 Glycerio,

203 2069 338 2136 προσθήκης
355 2073 398 2120 luc
413 2071 533 2137 tempore?
549 2072 611 2138 quid
623 2074 726 2135 clarior,
758 2062 919 2134 probitatem
929 2071 1043 2122 debitam
1053 2088 1100 2136 pro
1109 2087 1221 2136 persona
1232 2073 1291 2122 red·

138 2198 143 2203 ,
204 2154 279 2213 quam
290 2148 323 2197 de
333 2149 449 2212 populari
459 2150 503 2198 illa
514 2155 541 2198 et
551 2149 620 2198 inter
629 2148 726 2198 adoler-
763 2145 823 2195 dat:
835 2161 892 2211 qnae
905 2147 964 2212 quia
974 2149 1081 2198 houeata
1092 2163 1220 2213 nunquam
1232 2162 1291 2200 erae

205 2230 293 2274 center
311 2224 413 2286 unitata,
430 2238 480 2274 nou
491 2224 524 2273 do
537 2223 655 2289 perfecta
665 2225 727 2275 ami-
763 2222 870 2284 poterit,
886 2222 907 2271 el
924 2223 960 2271 sic
973 2237 1029 2271 eam
1040 2229 1141 2273 conatet
1152 2231 1213 2274 ante
1224 2238 1289 2288 unp·

205 2300 277 2360 citio,
289 2315 433 2350 sermonem
451 2302 526 2350 eree?
542 2302 669 2366 quomodo
688 2301 727 2351 fa·
763 2296 813 2347 tlaa
831 2297 987 2361 impudicam
1003 2299 1106 2348 doctam
1117 2313 1183 2358 earo,
1195 2301 1291 2363 partin

206 2376 256 2427 eile
270 2377 347 2427 liceat
360 2377 429 2426 inter
446 2377 559 2426 bominer
575 2378 684 2440 agitare,
700 2376 727 2425 id
764 2371 938 2436 defendenda,
970 2373 1063 2436 partim
1095 2374 1229 2423 laudanda·
1251 2381 1292 2424 eat

205 2450 728 2516 ert,ombreydyruuulourbrnurpeioor,ncu
765 2448 879 2511 Cbryaia,
904 2463 962 2498 cum
983 2462 1034 2513 qua
1054 2455 1211 2498 commorata
1232 2455 1291 2499 eat:

206 2541 339 2591 quousque
354 2529 436 2576 virtue
446 2527 535 2589 perfici
546 2535 633 2592 queat,
646 2541 728 2576 nermo
765 2538 842 2588 qnam
853 2525 972 2588 qnoniam
991 2537 1098 2573 necesse
1118 2531 1158 2572 ert
1174 2523 1293 2573 meretri·

206 2606 256 2651 ert.
286 2601 380 2664 Itaque
400 2616 448 2650 uec
470 2602 561 2652 Cicero
582 2610 661 2665 negat
678 2603 728 2651 boc
765 2613 821 2648 cem
840 2599 928 2664 fateri,
943 2602 970 2649 iu
987 2599 1135 2649 conditione
1154 2599 1294 2661 turpiorimi

205 2675 272 2737 fieri,
296 2690 353 2725 cnm
374 2674 423 2725 boc
450 2675 548 2724 dictum
568 2677 682 2738 explicat
701 2676 729 2725 iu
765 2675 875 2724 nominis
900 2674 1009 2724 multum
1030 2675 1139 2725 sumitur
1158 2676 1293 2725 excusatio

206 2749 286 2801 Laelio
301 2749 337 2815 (c.
348 2763 429 2800 xxiv.
447 2758 474 2799 et
491 2748 571 2814 xxv.)
587 2750 633 2799 aed
653 2751 684 2800 ad
702 2751 729 2800 id
766 2751 912 2802 voluntatis.
929 2754 1005 2803 Idem.

205 2834 282 2876 vocnt
293 2842 348 2888 noa,
360 2825 428 2891 qnod
439 2827 464 2874 in
478 2841 538 2875 vera
550 2826 663 2876 amicitia
672 2826 729 2877 lieri
799 2828 834 2876 Et
843 2830 1007 2893 cognotorum]
1027 2827 1078 2878 ilic
1089 2843 1135 2877 nor
1148 2829 1204 2892 jam
1215 2834 1292 2893 parat

205 2903 299 2954 debet:
316 2917 374 2968 quae
390 2903 526 2951 veritatem
542 2915 593 2950 uon
604 2903 728 2964 excludit,
766 2902 799 2952 ad
811 2903 923 2953 Critonio
933 2905 1083 2954 adrentum.
1099 2904 1173 2952 idem.

206 2978 356 3044 obsequium
377 2984 463 3027 autem
481 2977 603 3026 comitato
621 2992 672 3026 non
690 2992 729 3026 ar·
799 2979 916 3042 lnopioet
927 2977 1244 3043 mgaotorumnegligentio]
1260 2978 1293 3027 In

206 3056 350 3104 tentatione
359 3054 471 3123 metitur.
495 3051 555 3101 Non
565 3066 628 3115 opue
638 3051 730 3101 linisset
767 3054 874 3117 gratiam
896 3054 1022 3119 Glycerii,
1041 3051 1149 3102 Portam
1172 3053 1198 3101 in
1218 3053 1292 3103 dimi·

205 3129 474 3191 igitur,·utDonatur,
492 3133 565 3178 tanto
580 3135 674 3178 conatu
689 3143 729 3178 ca·
767 3129 868 3178 nneuda
889 3136 1004 3195 qnmrtua
1033 3129 1172 3178 meretricii
1194 3128 1293 3178 invidia

207 3203 339 3264 tenderet,
355 3204 363 3231 ‘
379 3204 534 3253 sententiam
551 3205 616 3254 banc
638 3203 730 3266 proba·
767 3218 977 3268 operouum,eum
989 3205 1022 3253 de
1032 3203 1156 3267 Cbryeide
1167 3203 1293 3268 loquitur,

205 3281 286 3330 bilem
302 3281 391 3345 magia,
408 3295 483 3345 quam
494 3282 664 3331 necessariam
674 3296 730 3332 erae
767 3286 839 3330 recte
851 3287 925 3330 notat
935 3282 1065 3329 Donatus.
1082 3279 1210 3329 Boecierur.

207 3353 397 3406 ethoneetum!
413 3355 541 3404 Boecnru.
684 3374 687 3379 ·
801 3357 959 3417 cognotorum
980 3356 1136 3419 negligentia]
1152 3355 1237 3418 Leges
1250 3355 1293 3419 jn·

239 3436 272 3481 db
288 3430 394 3493 interro]
411 3431 505 3479 interro
517 3438 565 3492 eet,
584 3430 731 3480 cirmbahet
768 3431 866 3481 bebant
886 3432 993 3493 Atticm,
1015 3446 1048 3481 ex
1069 3430 1184 3492 cognatio
1206 3432 1294 3494 proxi·

207 3507 355 3558 instantiam
369 3508 527 3571 superiorum
539 3514 663 3559 actorum.
680 3507 730 3556 Do-
767 3521 836 3556 mum
847 3512 874 3556 et
884 3508 1036 3557 ditiorimurn
1044 3508 1146 3570 inopem
1156 3516 1293 3570 cognatam

205 3589 287 3634 notum.
768 3590 813 3631 ant
824 3582 927 3646 ducere,
936 3595 981 3632 aut
989 3584 1039 3647 ipsi
1049 3582 1137 3632 dotem
1147 3581 1219 3632 dere.
1232 3582 1295 3632 Fur·

192 3698 196 3702 .
240 3660 730 3726 Mulierquedom]Sicdixit,nonqnaai
767 3657 858 3708 nonu.

208 3735 339 3799 ignoraret
360 3749 452 3783 nomen
474 3735 537 3797 ejus,
565 3737 642 3798 paulo
671 3743 731 3800 post
799 3737 830 3784 ⁴⁵
849 3735 966 3798 Eparia]
984 3733 1015 3783 ld
1029 3739 1078 3796 eat,
1092 3733 1216 3783 eminenti
1227 3747 1295 3796 prm·

209 3810 360 3875 Chrysidem
382 3809 570 3861 nominaturus:
595 3812 641 3860 aed
662 3812 731 3875 ideo,
768 3810 906 3873 etantiqne.
923 3810 1042 3878 Donatum

209 3893 240 3935 nt
255 3894 355 3950 gratem
372 3887 578 3958 expectationem
594 3885 683 3951 faciat,
699 3889 731 3939 ai·
761 3902 768 3915 ·
800 3885 878 3946 Atque
897 3890 968 3934 aime
990 3883 1096 3946 integro]
1124 3882 1233 3945 Integre
1254 3888 1295 3942 eat

209 3964 312 4026 mulque
338 3964 460 4013 lectorem
487 3963 590 4014 uvidum
623 3965 732 4015 nominis
768 3957 1293 4024 retauqnarinfloreconaiatit,cuineque

210 4039 311 4088 reddat.
343 4043 382 4091 Ut
393 4041 483 4102 virgil.
497 4043 572 4104 paulo
583 4047 643 4106 poet
652 4042 732 4092 nomi·
769 4037 913 4088 addendum
924 4038 980 4100 jem
1000 4038 1044 4099 eit,
1060 4050 1144 4102 nequo
1154 4036 1294 4100 quidquam

211 4121 314 4163 naturus
334 4117 380 4179 air,
394 4117 402 4144 ⁶
415 4117 485 4165 Ecce
502 4132 592 4167 manue
609 4119 732 4182 juvenem
769 4111 854 4162 adhuc
868 4114 902 4161 rit
918 4112 1092 4162 imminutum:
1113 4119 1142 4162 nt
1153 4112 1294 4176 virgilius:

211 4190 312 4240 interea
323 4198 382 4253 port
393 4195 467 4253 terga
478 4192 639 4244 reuinctum?
656 4192 732 4255 iden,
771 4188 895 4254 ‘Integer
906 4188 955 4238 reri
963 4188 1104 4240 Arcaniurss
1135 4187 1172 4238 Et
1182 4188 1295 4240 contulit
