2676 4710
115 298 203 365 1402
469 311 577 362 noun
602 310 802 362 vnuronuu
826 312 868 361 ru

116 456 183 507 facit
195 457 321 506 Demeam
336 454 452 506 eredere.
471 456 548 506 Idem.
681 455 728 507 des
738 455 834 507 fucate
844 456 968 507 orationis
979 455 1112 507 abutitur.
1131 457 1197 509 usu·

152 535 197 582 Rei
208 537 264 582 dare
275 530 378 596 operam]
395 530 519 590 Rusticae,
539 530 645 581 familias
681 546 731 582 sus.

114 608 304 668 sustentando,
315 605 447 668 ungendae.
465 605 609 655 Farnobiua.
715 608 819 658 Homine
835 609 944 672 inperito
959 624 1097 672 menon,
1106 611 1159 674 dn]
1172 612 1203 660 lle

152 685 215 733 Ruri
225 683 285 747 esse]
302 681 481 731 Noninurbe.
499 683 619 732 Dosutas.
681 683 730 733 iroc
753 684 790 732 sio
813 685 966 733 Menander.
1014 684 1068 733 ode
1079 683 1205 736 lrr’issiu

151 758 266 820 Porcus]
283 758 341 806 Non
354 757 498 821 prodigum.
516 758 591 811 Idem.
682 758 758 820 atriu,
769 761 799 809 ds
811 760 861 822 epol
872 763 945 821 lueri,
955 760 1149 825 Τολμηρότερον.
1158 762 1206 812 Fe·

150 835 574 898 Sobriset1Noninaunttm.1desu
682 837 774 885 nanus.

153 915 255 962 Parrum
274 927 301 959 or
321 911 435 974 sobrium]
456 913 554 962 Contra
565 912 645 962 illud:
717 917 748 961 19
774 912 831 960 Nisi
851 915 913 976 qaod
934 912 987 976 ipos
1002 913 1084 976 serit]
1101 912 1208 964 Aiddirn.

116 990 261 1043 ,euanuit
277 992 412 1051 rurpotui?
427 986 510 1036 Idem.
683 989 741 1038 Hoc
753 989 820 1038 enirn
839 989 971 1052 proprium
994 990 1155 1039 rusticorum
1173 997 1210 1051 erl,

115 1100 119 1105 .
152 1069 182 1114 lo
200 1063 377 1123 Nullumituitsa
385 1062 573 1127 similesoetum]
586 1064 645 1114 Hoc
682 1071 762 1127 atque
773 1065 963 1128 imperitorum.
983 1064 1111 1114 Dosetsa.

117 1154 176 1194 euru
199 1139 379 1189 admiratione.
419 1139 499 1189 Micio
520 1140 645 1203 tangitur,
716 1139 787 1188 Nihil
801 1147 891 1188 rectas·
903 1139 989 1203 pient]
1009 1140 1128 1203 Proprie
1143 1147 1212 1204 patri.

118 1217 191 1281 qussi
202 1217 283 1280 ipsius
294 1216 372 1279 culpa
388 1215 422 1264 ait
442 1214 530 1265 fratris
545 1223 646 1267 nature.
682 1215 751 1264 Nam
773 1215 820 1266 lroc
840 1216 948 1265 verbum
966 1217 1154 1280 imperitorum
1170 1227 1212 1267 est.

117 1292 195 1345 Idm,
683 1291 758 1339 Ordo
770 1297 818 1348 est.
830 1292 874 1356 qni
886 1292 949 1341 nihil
957 1298 1065 1343 rectum
1078 1300 1165 1357 putat,
1173 1295 1211 1344 sisi

115 1414 120 1427 ,
152 1370 251 1418 Nullam
276 1369 345 1430 lidus
363 1367 441 1417 anile
459 1367 565 1431 satsat]
587 1367 645 1416 Hoc
681 1366 908 1432 quodipseseeit.
923 1369 1004 1417 ideas.

118 1460 177 1495 eum
189 1444 358 1492 admiratione
366 1443 525 1505 indignantis
534 1456 645 1506 pronun·
714 1446 747 1491 20
764 1443 884 1499 Quorsuss
901 1443 977 1508 istuc]
999 1444 1091 1494 Deest
1111 1446 1212 1508 pertiae,

118 1520 236 1571 tiendum
248 1526 299 1581 est,
310 1527 336 1568 et
349 1518 499 1568 ardentibus
512 1519 538 1566 in
552 1518 645 1567 Micio·
683 1530 728 1569 aut
738 1519 806 1569 dicia.
822 1519 907 1568 Idem.

53 1604 55 1611 ·
117 1610 179 1647 nem
201 1596 290 1645 oculis.
323 1596 358 1644 Et
380 1595 584 1644 subaudiendum
605 1601 647 1644 est
717 1594 944 1659 ornatuum]
960 1594 996 1644 ld
1016 1601 1070 1660 est,
1090 1597 1215 1647 homoin-

119 1675 191 1734 nne,
202 1681 246 1720 out
258 1671 376 1720 Invenire.
394 1671 477 1720 idern.
682 1671 793 1734 petitus.
813 1671 889 1720 Idem.

152 1748 214 1798 Hae
223 1762 295 1811 qaum
305 1746 446 1810 ilikMieio,
457 1747 517 1804 dieo,
527 1745 572 1795 tili
581 1745 645 1809 dico]
716 1745 778 1793 Hor
789 1744 962 1809 malejsdioss]
977 1746 1041 1796 Pori
1056 1749 1157 1800 virtute
1167 1749 1215 1799 lter

118 1826 171 1887 llll,
181 1839 228 1887 pro
236 1824 262 1872 is
272 1823 338 1872 illem
347 1838 355 1871 .·
363 1831 390 1871 et
399 1823 453 1884 tili,
463 1837 509 1885 pro
517 1824 543 1872 in
551 1829 582 1872 te.
593 1822 633 1872 ld.
682 1820 778 1869 leniter
790 1821 859 1870 diota
871 1827 940 1884 runt,
959 1837 1016 1886 qua
1029 1825 1169 1887 superiora
1178 1839 1215 1872 re·

156 1901 216 1949 Hac
225 1915 276 1948 rum
288 1900 325 1948 iiii
336 1900 410 1948 Micio
420 1901 481 1960 dieo,
491 1899 545 1963 eu]
557 1901 645 1948 Dona·
683 1895 826 1946 hemrnter.
849 1897 923 1945 Idm.

118 1982 180 2025 tna:
197 1973 332 2036 ‘llli‚'&c.
357 1974 398 2022 Ad
407 1988 507 2022 sensum
521 1975 646 2038 respexit,
717 1976 747 2020 21
768 1973 822 2021 Non
841 1977 875 2020 est
886 1971 1029 2036 flagitium]
1049 1972 1116 2023 Nou
1132 1988 1215 2037 pecea-

118 2058 150 2099 nt
171 2064 265 2112 sepe;
292 2049 396 2111 phrasin
423 2063 473 2096 non
496 2048 646 2111 explicarit.
685 2055 738 2097 lum
758 2056 838 2111 neget
857 2062 931 2096 esse:
949 2048 999 2097 sed
1018 2046 1152 2112 flagirium
1171 2064 1215 2098 nou

120 2125 182 2173 Hoee
196 2140 248 2173 eron
263 2125 301 2173 illi
318 2125 370 2172 dieo
388 2139 408 2173 s.
422 2122 494 2173 diets
510 2124 584 2183 volo;
602 2124 647 2174 sili
684 2138 741 2173 esse
754 2123 899 2183 contendit,
915 2129 944 2172 et
960 2122 1023 2172 ideo
1034 2125 1216 2189 subindignsn·

117 2200 172 2249 dico
184 2213 204 2248 s.
216 2198 287 2249 diota
304 2199 370 2247 volo.
389 2199 405 2248 i.
424 2212 449 2246 e.
468 2199 524 2247 lino
540 2214 598 2248 oum
610 2200 646 2249 ita
684 2205 725 2248 ter
737 2198 960 2263 pronuntiandum
972 2205 1033 2252 est:
1052 2208 1087 2250 ut
1105 2203 1128 2251 ai
1147 2203 1218 2263 disat,

118 2277 218 2351 loquor,
240 2284 269 2326 ut
291 2276 322 2324 ad
346 2277 493 2326 AEacltinum
514 2278 646 2340 pertinere
683 2275 799 2324 Scortari
811 2274 915 2337 quidem
928 2275 1168 2340 adolescentulum,
1178 2279 1215 2329 de-

117 2354 207 2419 illique
216 2354 266 2403 diei
280 2354 424 2416 videantur,
435 2360 464 2402 tu
476 2354 540 2402 satia
552 2354 646 2402 intelli·
683 2351 774 2400 lictum
794 2357 846 2412 est,
859 2348 904 2398 sed
921 2363 974 2399 non
992 2359 1035 2400 eat
1045 2351 1184 2416 flagitium.
1193 2363 1216 2405 at

120 2447 181 2496 gere
194 2431 283 2492 debes,
300 2431 334 2480 nd
353 2438 380 2478 te
397 2445 497 2495 quoqne
515 2430 646 2493 pertinere
684 2425 766 2475 'enin
778 2425 850 2475 locus
861 2439 913 2474 non
933 2432 986 2475 lem
1005 2426 1032 2476 in
1051 2427 1136 2493 facto,
1148 2445 1215 2495 quan

118 2507 218 2571 tibique
230 2508 290 2556 dici.
307 2507 436 2556 Boeclerus.
659 2546 666 2553 .
683 2501 709 2553 ln
722 2514 834 2563 persons
844 2507 886 2550 est
895 2502 1069 2554 constitutus.
1082 2505 1159 2557 Iders.

152 2587 182 2632 lt
202 2584 238 2632 Tu
254 2583 320 2632 ilium
336 2584 453 2644 corrumpi
471 2582 543 2646 οἰκία]
565 2582 648 2631 Deest
718 2577 962 2640 Ntnetiflwfflm,
973 2579 1035 2628 nihi
1052 2585 1134 2645 erede,
1147 2584 1216 2632 odeis·

119 2673 185 2706 mm.
219 2659 271 2706 Sed
288 2657 429 2706 ferventius
440 2656 570 2706 ἀσυνδέτους
584 2657 647 2706 ‹lici-
684 2659 784 2703 arentem
803 2652 916 2714 nutari]
938 2655 1010 2704 Mire
1028 2659 1177 2721 respoudit,
1192 2665 1215 2708 et

119 2739 171 2781 tur.
184 2739 211 2781 et
222 2732 271 2781 hoo
280 2733 325 2781 tibi
341 2744 370 2781 et
385 2739 413 2782 la
428 2732 647 2795 pronuntiandum
685 2729 810 2790 oratorio,
820 2730 853 2779 sd
862 2731 918 2779 itere
933 2745 993 2795 quta
1009 2731 1143 2784 invidiosa
1154 2734 1215 2783 dicta

118 2814 163 2861 est
173 2807 275 2856 intento
286 2807 380 2870 digito,
397 2816 422 2856 et
441 2806 543 2857 infestis
559 2808 586 2856 in
599 2808 648 2855 Mi·
685 2812 755 2856 sunt.
789 2807 857 2855 Nero
877 2805 945 2870 qnod
965 2807 1003 2855 ait
1023 2807 1082 2871 ille,
1103 2809 1215 2873 ‘Eripuit

120 2886 221 2934 cionem
238 2885 328 2936 oonlis.
348 2899 406 2935 nam
424 2885 473 2933 hoo
493 2886 534 2947 agi
552 2892 647 2934 atoma·
673 2883 821 2955 ,molieram
832 2896 909 2947 quem
924 2883 1030 2934 atrebat
1037 2883 1056 2935 ι’
1068 2886 1214 2937 lticsesrlen

120 2959 170 3009 olto
190 2959 327 3010 adversum
348 2959 552 3010 dissimulatores
572 2959 648 3008 solet.
685 2959 758 3008 dicit.
780 2959 858 3011 Quod
872 2960 963 3009 ‘irruit
973 2959 1002 3009 in
1014 2960 1214 3014 osdesalieussr'

119 3035 245 3086 Donoisn
685 3034 760 3098 qunti
782 3048 815 3084 ax
835 3034 895 3083 vino
914 3032 1015 3097 furens,
1034 3043 1138 3100 poene:
1154 3038 1213 3104 quod

154 3113 191 3161 ils
202 3114 271 3161 illem
280 3111 400 3175 eorrumpi
409 3111 482 3174 risis]
493 3111 585 3162 Mitius
596 3127 648 3161 rno—
686 3125 746 3160 oum
757 3111 813 3160 allis
825 3123 904 3172 praue
921 3112 1092 3174 propositum
1109 3122 1158 3176 est,
1172 3116 1214 3163 lton

121 3189 156 3238 do
168 3188 243 3248 dixit,
258 3188 342 3238 ‘Sinis
358 3189 490 3250 corrumpi
502 3186 519 3236 ι’
535 3202 594 3236 mox
606 3202 649 3235 ve·
686 3186 769 3235 solum
787 3185 908 3247 dicendo,
927 3186 985 3235 lere
1007 3187 1111 3253 reddit,
1129 3191 1155 3240 id
1173 3198 1214 3250 est,

120 3264 266 3313 hortentius
289 3263 369 3324 dicet,
392 3261 454 3310 ‘An
477 3262 547 3311 laudi
571 3270 649 3326 putat
686 3259 939 3325 lioreseffringere!
953 3261 1031 3310 ldess.

120 3337 187 3399 fore,
196 3339 218 3387 sl
230 3338 376 3401 perdiderit
385 3343 489 3399 gustum
498 3337 517 3387 i'
535 3340 610 3388 idem.
719 3339 776 3388 Noa
786 3344 822 3388 est
831 3337 1028 3403 tinguitania]
1040 3340 1110 3390 Cnrn
1124 3341 1213 3406 podore

156 3420 186 3464 18
204 3414 309 3464 Homine
326 3414 436 3476 imperito
453 3429 571 3478 stupeum
582 3416 650 3479 quid-
686 3421 715 3464 et
733 3413 833 3478 flagitio
847 3415 1070 3478 ὑπεραπολυμῖτα.
1107 3421 1212 3484 Quoge·

120 3508 190 3558 qaum
205 3491 329 3556 injustitia]
347 3493 417 3542 Miro
431 3495 567 3543 stomacho
579 3496 650 3559 apud
685 3506 750 3542 nere
761 3492 840 3542 etiarn
852 3493 933 3540 utitor
942 3491 1013 3556 apud
1026 3494 1154 3560 Plautum
1162 3497 1213 3548 cn·

120 3572 206 3636 ipsum
223 3572 257 3620 de
274 3572 333 3634 ipso
353 3576 475 3635 tanquam
496 3570 567 3636 apud
586 3575 649 3624 alte·
686 3571 758 3635 iiplro
770 3569 797 3618 in
809 3569 938 3619 Pseudolo
956 3583 976 3619 1.
994 3575 1019 3620 6.
1039 3574 1082 3620 18.
1100 3577 1150 3625 dre.
1162 3574 1213 3623 ile·
1251 3564 1255 3589 ²

120 3662 178 3698 rnrn
191 3648 315 3711 loquitur.
333 3645 408 3695 Idem.
687 3653 776 3697 luatur
796 3653 883 3695 tamen
905 3647 1008 3709 Cicero,
1027 3656 1056 3698 et
1078 3651 1212 3703 ceciliano

154 3724 259 3774 Homine
270 3721 390 3785 imperito,
399 3721 452 3785 eu]
461 3722 570 3772 Prorsus
582 3723 650 3774 bene
686 3722 752 3771 duro
770 3721 837 3785 petri
851 3721 919 3771 huno
929 3723 1117 3775 Terentianum
1132 3728 1212 3778 mitem

119 3799 241 3863 exposuit
258 3800 315 3847 hnc
326 3799 453 3858 Donatus.
486 3801 651 3863 (ineunda,
686 3808 821 3864 comparat
842 3799 868 3847 in
885 3798 1004 3848 celians
1022 3816 1084 3866 esp.
1109 3809 1149 3855 lo.
1168 3819 1212 3854 uon

119 3885 149 3927 et
160 3879 266 3939 insuper
277 3882 339 3925 nota
348 3875 470 3925 Minionis
482 3874 594 3939 σόφισμα.
612 3878 651 3926 lit
686 3891 757 3931 asne,
779 3875 940 3940 philosophia
963 3878 1061 3942 aliquid
1086 3883 1141 3932 lale
1167 3882 1214 3931 die·

119 3952 195 4002 lromo
211 3952 325 4001 urbanus
343 3959 370 4000 et
390 3953 508 4015 peritior,
527 3953 649 4003 adversus
687 3958 769 4014 tante,
780 3953 825 4000 sed
838 3952 945 4001 licentia
961 3961 1144 4021 patronorum,
1158 3974 1213 4024 qua·

119 4025 226 4077 fratrent
239 4035 378 4093 agrestem,
394 4029 539 4092 prudentie
551 4030 599 4078 alisi
610 4043 650 4079 ar·
687 4043 787 4092 nunqua
797 4027 885 4092 specie
896 4041 999 4079 reorum
1008 4045 1104 4082 oanaas
1115 4036 1216 4099 pingen-

121 4111 199 4164 rogat
217 4105 324 4170 aliquid,
343 4111 371 4154 et
387 4105 520 4156 sententia
538 4108 653 4172 καθολικῇ
687 4105 804 4165 tium;at
813 4110 944 4167 pretextu
954 4108 1083 4169 temporis
1090 4110 1125 4159 nb
1133 4126 1215 4161 enten-

121 4179 156 4227 ad
167 4180 428 4246 pretexendna,qnas
436 4178 575 4240 subinfert,
583 4178 651 4232 frou·
688 4179 749 4232 dola
760 4180 895 4245 discipline
915 4181 1054 4245 plurimum
1071 4185 1215 4249 degeneris.
