2670 4702
128 317 134 337 ’
189 310 279 392 tate
496 315 500 322 ’
546 322 655 374 nonu
679 317 882 372 vuarouun
907 320 965 372 m-

187 484 275 520 ruram
286 466 382 519 caliido
394 468 469 519 vultu
484 466 575 525 utitur,
595 471 721 532 tanquam
761 480 809 517 uua
821 465 853 515 ad
866 458 1060 518 defendendam
1077 472 1156 512 auaru'
1175 472 1277 522 oaorem

190 546 275 597 aliene
285 545 427 595 narrantia.
446 545 520 594 Idem.
761 549 801 604 ut,
822 556 913 606 parum
932 540 1037 605 quidem
1056 546 1137 589 eante
1147 539 1215 604 (eam
1225 541 1278 588 enin

222 623 336 672 Miletum
349 619 545 684 neququam]
563 621 636 669 Bene
659 621 721 668 ιιιι·
762 619 811 668 eibi
839 618 1043 667 oblectationem
1063 630 1099 665 ex
1118 616 1166 665 irae
1182 614 1279 679 ἐἰρωνείᾳ

191 699 261 765 que!
278 712 336 748 nam
356 697 462 747 Miletos
475 696 575 746 colonia
586 702 627 746 eet
639 695 721 746 Athe·
761 695 956 745 machinabatur
979 692 1083 757 eenex),
1094 693 1189 742 merito
1208 703 1280 742 tamen

192 776 320 826 niensium
328 776 354 824 in
366 775 462 822 Ponto.
485 774 560 823 Idm.
762 772 867 836 etjam,
877 770 1070 819 asseverantine
1082 783 1146 818 eane
1157 781 1229 831 quam
1243 784 1280 832 pro

194 844 198 851 ’
222 852 345 914 Miletum]
367 850 399 899 Iu
414 849 500 912 Caria,
511 849 720 900 terremotum.
761 849 812 898 alio
824 849 868 896 iiio
880 849 935 897 viro
947 847 1136 910 responderet:
1149 849 1157 875 ⁸
1169 845 1223 895 Eho'
1232 859 1282 895 nen·

192 930 335 982 rmum.
762 940 795 975 ue
806 925 944 989 haeejueta
965 924 1015 974 tibi
1030 923 1158 973 videntur
1179 922 1281 986 poeteai’

221 1007 309 1057 Anima
320 1007 380 1055 mule
391 1004 440 1068 eet]
451 1006 458 1034 ‘
469 1004 562 1055 Animo
570 1007 637 1055 maie
647 1004 721 1055 fieri'
761 1017 787 1068 q.
800 1002 826 1051 d.
843 1002 922 1066 qnid?
938 999 996 1051 cnm
1008 1001 1066 1050 hmo
1078 1015 1113 1050 ex
1124 1007 1208 1050 matre
1222 1001 1283 1062 virgi·

190 1081 296 1145 dieitur,
315 1097 393 1146 quum
410 1082 466 1131 ietu
483 1081 722 1146 aiicujuemoeroria
761 1079 802 1129 nia
825 1081 938 1149 audirer,
961 1093 993 1126 en
1015 1092 1068 1126 non
1087 1077 1187 1141 justior
1207 1084 1283 1140 postea

189 1159 323 1225 percolens
342 1160 452 1221 animoa,
471 1171 523 1207 non
542 1158 653 1208 sustinet
664 1171 721 1209 cor·
761 1155 808 1205 tibi
818 1168 910 1204 canera
919 1153 975 1202 haec
992 1153 1049 1202 viee
1064 1159 1117 1212 eat,
1132 1151 1283 1216 quamamiei

189 1249 251 1303 puae
269 1237 438 1301 sequiturque
449 1235 525 1285 ruina
535 1234 720 1284 membrorum.
760 1231 829 1280 ilina
841 1231 893 1293 toi,'
908 1230 953 1294 qni
972 1236 999 1279 te
1018 1229 1176 1279 advocatum
1188 1228 1284 1276 sititae

191 1310 313 1362 Donatus.
761 1307 926 1373 adduxerat?
959 1307 991 1356 Id
1009 1306 1170 1356 oum'Micio
1183 1311 1284 1367 negarat,

221 1393 254 1438 22
272 1389 412 1452 Quietpur
427 1388 485 1452 quid
495 1383 575 1450 meat]
598 1388 656 1438 Non
669 1392 721 1437 ata·
758 1383 812 1448 jam
826 1395 901 1446 pune
912 1392 1028 1446 coaetus,
1041 1397 1071 1432 se
1083 1383 1187 1446 aperire
1198 1381 1282 1431 Earini·

191 1465 240 1516 tim
259 1465 344 1515 credit
363 1463 497 1514 AEeohinua
521 1463 641 1527 podicem
667 1477 720 1512 ma·
760 1472 819 1521 anag
829 1473 862 1508 ao
872 1473 955 1509 meroe
968 1457 1160 1522 effectnaioqni
1170 1458 1252 1522 ooepit
1262 1459 1283 1505 in

188 1539 369 1605 tremfamiliaa
400 1541 488 1591 atatim
517 1540 667 1603 eontentire
694 1539 720 1586 in
761 1535 852 1599 quibua
865 1536 914 1585 hoo
924 1536 1103 1585 erravieeimum
1114 1536 1173 1584 aeni
1184 1549 1239 1584 erae
1249 1534 1285 1584 de·

188 1617 295 1680 nuptiae
306 1630 386 1666 novae
399 1616 446 1665 viri
464 1616 554 1679 ignoti.
571 1615 646 1665 Idm.
761 1602 830 1674 tritt,
846 1627 915 1675 oum,
925 1627 983 1675 quae
995 1613 1107 1676 posthac
1127 1610 1286 1661 futuraeaeet

223 1693 289 1750 Quid
307 1693 367 1742 iotae
384 1691 474 1756 oeneee]
491 1692 593 1741 ‘Potae
614 1688 721 1753 dicere,’
761 1687 998 1753 vita·aolitndoque
1016 1689 1087 1739 illine
1110 1689 1171 1750 viri,
1188 1705 1205 1739 a
1223 1689 1287 1754 enjue

191 1769 404 1820 subaudiendum.
422 1770 497 1818 Idem.
762 1764 948 1814 consuetudine
965 1764 1122 1815 abducenda
1142 1773 1198 1816 erat
1218 1767 1287 1816 Pam·

223 1846 294 1895 Ntttt
313 1845 388 1908 enim]
410 1841 552 1906 ‘Diount‚'-
564 1839 720 1891 subandien·
761 1842 838 1906 phila,
850 1850 902 1891 tam
914 1842 1287 1908 epraeusdequereremrerge

189 1920 260 1971 dam.
283 1927 312 1970 et
338 1921 376 1971 aio
404 1919 601 1982 intelligendum
624 1918 722 1968 ‘eruit'
762 1913 921 1969 ionctndere
941 1934 1000 1984 enm
1024 1919 1245 1985 undique'parat,
1265 1925 1289 1969 et

189 2008 243 2045 non
255 1997 324 2061 quod
337 2003 451 2057 taceant,
462 1995 508 2044 aed
516 1995 583 2060 quod
591 1995 653 2044 nihil
661 2009 722 2044 oon·
762 1995 864 2045 oomnio
876 1995 1006 2046 rationum
1017 2012 1032 2045 a
1045 1997 1244 2060 perturbatione
1259 1995 1287 2044 ati

189 2070 342 2121 firmatiouia
361 2071 459 2122 habeat
483 2072 510 2120 id
531 2071 600 2136 quod
622 2071 722 2120 dieunt.
763 2069 982 2135 disceptationem
994 2071 1122 2123 traducit.
1140 2073 1166 2121 in
1179 2087 1229 2137 qne
1248 2073 1289 2121 mi·

192 2146 270 2196 idem.
764 2147 836 2196 rifioe
848 2146 934 2197 Poiita
946 2163 1061 2211 operam*
1071 2148 1155 2206 dedit,
1172 2156 1203 2198 ut
1219 2149 1289 2198 ienit-

195 2254 197 2260 ·
222 2225 254 2272 28
273 2222 496 2272 Commentamoter
505 2221 646 2286 eet]1Nuno
657 2221 724 2271 dicit
763 2225 834 2273 ainrae
862 2225 993 2288 aequitatis
1016 2225 1101 2274 virum
1135 2227 1289 2283 adolescent,

189 2297 253 2365 quid
267 2299 348 2348 dieat.
361 2299 440 2349 etiam
452 2300 460 2328 ‘
470 2298 631 2350 commenta'
645 2299 723 2364 dixit,
763 2305 864 2349 tanturn
881 2313 931 2349 nou
944 2300 1127 2363 succumbene‚
1138 2302 1290 2350 demonatra·

189 2376 218 2427 ie
230 2374 287 2439 ἐπὶ,
307 2373 439 2426 fallaciam
457 2377 623 2441 confinxieee,·
635 2377 722 2428 veriri-
763 2375 835 2424 tione
852 2375 919 2440 arqui
938 2376 1051 2439 bonique
1063 2366 1204 2437 uinceret}
1220 2375 1289 2425 etad

190 2451 253 2500 mile
270 2451 440 2502 comminisci.
457 2452 533 2502 Idem.
562 2452 565 2457 '
763 2450 967 2515 abrumpendum
979 2451 1196 2515 disputationem,
1211 2442 1290 2514 aperie

224 2527 362 2577 Commenta
370 2533 446 2578 muter
454 2534 499 2591 eat,
509 2527 563 2591 qo]
572 2527 722 2578 Artificioae
762 2528 918 2578 excusandae
959 2527 1149 2592 advocationis,
1183 2536 1289 2579 ceterum

190 2615 304 2666 curteum,
323 2604 515 2667 qnaehactenna
527 2605 640 2668 simplex
652 2606 722 2655 vide·
762 2611 915 2669 erumpente
937 2601 1044 2668 affeetu,
1064 2613 1194 2670 cogerem
1220 2613 1289 2670 atque

190 2676 279 2740 batur,
300 2679 417 2727 dividere
430 2679 539 2742 incipit:
557 2681 671 2730 AEechini
683 2683 721 2731 iu·
762 2679 797 2729 in'
806 2681 889 2730 vicem
901 2681 1097 2731 ud'exneudam
1110 2696 1214 2732 omnem
1225 2681 1288 2732 diari-

191 2754 368 2817 terrogatione
391 2754 424 2803 ad
454 2757 591 2805 commenti
611 2759 722 2822 produc·
762 2759 930 2809 mulationem
944 2758 1106 2825 adigeretur.
1122 2761 1253 2810 Bructerae.

192 2827 289 2879 tionem
303 2829 383 2879 veluti
392 2831 460 2880 ultro
471 2831 607 2882 invitante.
619 2833 723 2884 dixerut
763 2854 766 2862 ·
796 2835 837 2884 Ex
854 2835 900 2884 aiio
916 2834 1050 2897 etr-fitam
1062 2834 1097 2884 de
1110 2837 1288 2900 proximetu-

190 2905 284 2956 nouo:
308 2905 388 2954 ‘nihii
411 2905 496 2956 enim?
519 2908 599 2959 aiunt.
621 2909 722 2960 aoilicet
762 2910 970 2974 gitAEeohinnm.
988 2911 1110 2960 Doaotoe.

192 2983 259 3049 quod
279 2983 386 3049 aliortjna
400 2985 524 3035 momenti
537 2985 579 3036 ait.
593 2993 722 3038 commata
793 2992 825 3038 25
844 2988 954 3038 Prioren
964 3002 1013 3038 eme
1023 2988 1104 3052 iiiior]
1121 2989 1195 3039 Mire
1204 2993 1285 3039 tractu

189 3065 313 3110 mter'eet
323 3064 393 3125 (uam
403 3076 459 3110 enm
472 3061 540 3127 quod
553 3071 722 3113 carrearentur
762 3063 840 3113 etiam
852 3072 940 3127 portes
948 3062 1075 3114 AEechini.
1092 3065 1173 3116 Idem·

189 3137 253 3186 nihii
263 3138 401 3199 haberent,
418 3135 502 3189 ma'ter
514 3153 528 3187 a
539 3136 643 3188 fallacie
656 3153 721 3203 pree·
794 3139 878 3204 lauat]
890 3142 929 3191 Ex
940 3155 992 3207 qno
999 3147 1078 3191 natue
1090 3145 1133 3192 e'at
1143 3142 1222 3194 tilius.
1236 3143 1284 3194 nu·

191 3211 292 3262 sidium·
311 3213 424 3263 mutuari
453 3215 534 3264 voluit
562 3214 721 3279 contingens,
760 3218 851 3268 nobiae.

191 3303 250 3356 qnae
269 3289 364 3338 nemini
383 3289 438 3339 veri
457 3290 550 3340 similia
570 3289 720 3357 videantur)
763 3306 777 3319 ¹·
792 3298 825 3343 26
852 3294 938 3343 Nonne
958 3293 1008 3342 tec
1024 3282 1095 3356 juata
1116 3295 1167 3346 tibi
1188 3297 1284 3346 niumm

190 3365 240 3417 eree
250 3382 281 3416 ee
287 3367 335 3417 ulio
346 3367 397 3416 viro
413 3366 455 3432 (nt
466 3381 494 3416 ee
503 3373 626 3432 agnoscat
637 3383 720 3418 enam·
758 3368 852 3435 poeteo]
867 3369 977 3419 Scilicet
989 3370 1116 3436 illusque
1128 3374 1226 3423 amieua
1236 3382 1283 3421 tuna

191 3457 242 3509 que
253 3458 356 3493 canaam
368 3443 519 3507 AEeohinoa3
531 3458 561 3494 eo
570 3444 661 3508 magia,
670 3458 720 3508 quo
761 3445 865 3494 dixerat
876 3445 957 3510 priua,
966 3446 1110 3510 quum-hero
1118 3448 1235 3498 audirer.
1241 3447 1283 3496 Br-

190 3521 275 3571 minns
294 3519 321 3568 id
339 3522 378 3583 egi
391 3518 505 3581 videtur3
523 3519 628 3568 additur
640 3517 721 3584 enim)
760 3529 839 3574 notae.

135 3603 150 3618 '
191 3595 268 3644 acacio
278 3610 340 3658 quoa
356 3597 385 3645 et
394 3609 453 3643 mox
466 3595 560 3644 iterum
571 3592 720 3659 (postquam
793 3600 865 3647 dueta
876 3598 933 3662 tibi]
950 3599 1064 3663 ‘Jneta,'
1075 3616 1137 3667 qnae
1150 3612 1238 3668 postea
1247 3615 1282 3651 an·

191 3671 225 3721 de
252 3672 350 3735 ‘puero
374 3671 452 3722 nnto'
475 3671 722 3738 adjeceratjaeque
761 3676 1281 3742 diati,quumiilaqnaeproLemniodioe·

174 3745 368 3798 'maminot
390 3746 456 3796 Huc
465 3747 615 3811 diligenter,
625 3757 652 3798 et
662 3765 719 3799 cum
761 3752 899 3816 baeprine.
931 3752 986 3802 Aut
1001 3754 1282 3822 ai·iroo-noueet,quae·

172 3836 273 3886 ποτε,
293 3823 326 3872 ad
344 3822 520 3873 lacessendum
538 3826 652 3875 AEechini
666 3828 720 3876 ani·
761 3844 789 3878 re
807 3829 869 3893 quid
882 3829 917 3878 ait
933 3829 1067 3894 ‘posteu'·
1091 3832 1209 3883 Videtur
1225 3831 1281 3883 enin

191 3907 270 3949 munit
286 3900 411 3949 rationem
427 3900 505 3965 juria,
523 3917 582 3967 qnae
600 3917 648 3966 pro
665 3903 720 3967 ipao
760 3903 883 3968 ‘postea’
903 3905 940 3954 eic
956 3903 1098 3968 abundare,
1110 3908 1238 3972 quomodo
1251 3908 1281 3955 in·

192 3981 219 4024 et
230 3976 314 4024 amice
325 3980 418 4039 staret,
430 3977 481 4026 cito
494 3985 520 4026 ot
539 3992 586 4041 per
606 3979 719 4042 speeiem
760 3980 863 4029 tardum
876 3979 981 4029 ‘hodie'
1002 3981 1035 4030 de
1051 3986 1190 4034 stomacho
1204 3981 1282 4048 adjici·

190 4047 360 4116 ‘negligentia
378 4054 556 4103 'transmittitr
582 4054 720 4115 ‘Priorem
760 4061 802 4104 tur
827 4056 966 4121 loquentia.
996 4065 1026 4106 ut
1055 4059 1185 4124 Virgiiiue
1208 4059 1281 4108 dicit:

194 4128 344 4190 eoae-ittam,
361 4143 411 4179 non
426 4137 548 4191 oportere
566 4130 626 4181 huie
644 4129 720 4181 dari'
760 4132 918 4196 ‘Numquam
941 4145 1029 4182 omnee
1050 4133 1131 4186 hodie
1155 4139 1281 4187 moriemur

162 4199 165 4202 ⁴
193 4199 293 4265 itaque
304 4204 493 4265 provocabatur
515 4205 599 4256 denuo
622 4206 720 4257 AEaohi·
760 4208 854 4258 inniti!
870 4209 945 4257 Idem·
