2676 4710
203 317 290 385 1050
550 332 656 383 ueris
679 330 879 383 vsurouusr
904 328 944 380 su

203 474 304 526 sceudlt
314 472 450 524 furibunda
460 473 553 537 rogos?
568 475 643 524 Idem.
764 473 813 524 nisi
824 474 891 524 bene
901 473 1026 537 descripti
1040 472 1099 524 libri
1110 473 1218 539 fuerint,
1230 489 1288 540 pes·

238 556 285 601 tut
308 550 366 599 Men
390 550 538 614 Glycerium]
568 551 634 614 Meo,
655 548 726 614 qussi
764 556 1082 601 eatseususnecesseest.
1096 550 1181 600 Faber.

205 634 312 677 ametor.
329 626 403 677 lriess.
797 628 878 677 lentus
896 633 964 691 utque
986 641 1049 688 ωσι
1069 625 1164 689 fessa]
1197 628 1289 689 Intus,

239 703 385 766 Glycerium]
409 703 490 756 Quasi
507 702 637 752 familiaris
653 702 727 752 dixit.
764 702 841 765 culpa
851 718 915 765 segre
925 702 1194 766 scresr,quiaprseter
1205 717 1287 766 spem.

205 778 281 826 Idem.
765 778 883 829 Donatus.

238 856 304 910 st'd
313 855 377 918 agis]
393 857 472 908 Quasi
483 855 657 919 perturbatus.
672 857 712 905 ld.
769 864 772 869 '
798 854 877 903 Redeo
885 854 1110 916 maerentemque
1120 852 1289 921 aegreferess:

239 932 354 980 Castris
367 931 499 995 perdituris]
523 933 728 985 Qusslconsola·
764 944 807 980 see
821 931 881 979 sutis
894 929 1100 991 udelrisrgusdum
1109 927 1209 990 mussoe]
1235 928 1287 977 0b·

206 1013 288 1056 turus.
305 1009 381 1057 idem.
764 1019 840 1055 servu
860 1005 963 1069 gradus,
981 1017 1043 1067 quos
1063 1001 1176 1051 servavit
1195 1001 1290 1063 Poeta,

211 1106 216 1111 ·
238 1087 286 1133 1⁰8
305 1085 339 1134 Ut
348 1089 479 1134 musetum
487 1084 562 1144 fusile
571 1098 672 1135 oensem
681 1100 730 1134 cer·
765 1080 792 1129 in
802 1081 891 1140 Patre,
907 1085 935 1128 et
950 1078 1005 1129 viro
1021 1079 1131 1127 humano
1147 1091 1287 1141 aequoque:

205 1158 283 1222 serm]
303 1160 381 1221 Mire,
399 1174 450 1208 uon
470 1161 637 1223 suspicareris
655 1161 730 1223 dixit,
766 1170 799 1205 ex
806 1151 1290 1222 conjecturasolicitudooritur:‘Per-

206 1236 253 1286 sed
272 1243 434 1286 resumeret
453 1243 495 1286 est
512 1238 585 1299 ordo,
603 1244 634 1288 ut
652 1237 730 1288 facile
766 1232 846 1282 cussit
858 1233 918 1281 ilico
928 1227 1065 1281 auimumr’
1081 1228 1197 1293 sequitur
1208 1243 1241 1277 ex
1252 1242 1290 1277 re·

206 1304 343 1361 berneres:
368 1312 413 1361 sed
430 1326 544 1374 cemeres,
559 1314 627 1362 siout
643 1327 731 1376 supra,
767 1322 822 1356 rum
841 1307 942 1356 indiciis
953 1308 1029 1355 mista
1042 1305 1125 1354 dolori
1142 1303 1291 1354 iracundia:

205 1386 338 1436 ‘Laudem
350 1387 465 1438 invenias
481 1396 509 1438 et
526 1388 620 1438 amicos
636 1386 730 1452 pares!
765 1385 833 1433 redeo
855 1383 909 1432 iude
927 1383 1004 1431 iratus
1024 1386 1092 1443 utque
1113 1395 1177 1442 oegre
1191 1380 1292 1439 feretra:

206 1459 323 1510 omum
767 1460 911 1523 proximum
921 1465 987 1520 erat,
997 1465 1026 1507 ut
1034 1456 1179 1520 objurgatio
1189 1455 1237 1504 filii
1248 1471 1293 1505 ex·

239 1542 287 1588 109
303 1539 395 1601 Reiecit
404 1553 429 1588 rc
438 1539 464 1588 ris
474 1538 537 1602 mm]
561 1539 695 1603 objicitur
706 1540 730 1589 ei
767 1541 934 1598 portaretur:
951 1534 996 1583 sed
1014 1534 1039 1581 iu
1050 1534 1105 1581 viro
1115 1538 1143 1581 et
1154 1537 1292 1594 patretem

206 1613 275 1678 quod
287 1629 303 1663 a
314 1613 436 1678 Glycerio
445 1615 543 1664 factum
554 1623 607 1664 est:
620 1620 658 1677 ut,
666 1615 732 1667 Quis
767 1611 910 1672 moderato,
925 1610 990 1659 banc
1003 1608 1068 1657 ratio
1078 1606 1197 1656 distulit:
1215 1605 1293 1655 ‘Nec

207 1690 275 1738 euim
287 1703 400 1753 unquam
410 1696 464 1738 tam
482 1691 566 1752 pulum
584 1690 617 1738 de
627 1690 733 1753 honore,
766 1688 828 1738 sutis
845 1687 878 1738 sd
891 1685 1078 1750 objurgandum
1089 1697 1205 1732 caussas:
1223 1682 1295 1732 dice-

168 1754 171 1761 ’
206 1763 440 1813 tasusebemeuter
455 1763 489 1813 de
506 1766 589 1813 salute
609 1779 654 1813 sus
671 1780 731 1814 con·
768 1770 809 1815 ret
829 1763 891 1829 quid
913 1761 976 1825 feci,
995 1760 1057 1826 quid
1079 1759 1227 1822 commerui,
1247 1767 1296 1810 sut

206 1837 302 1899 tendit,
317 1853 393 1902 quens
411 1839 455 1887 ille
473 1844 551 1903 utque
568 1839 635 1888 illius
647 1839 733 1902 surici,
768 1839 884 1904 peccari,
899 1844 975 1903 pater
982 1837 999 1887 i'
1019 1836 1083 1902 (Ma.
1100 1835 1234 1886 Bibliotlr.·
1244 1835 1296 1885 Ar·

207 1921 238 1962 nt
247 1912 345 1963 usbrec
356 1912 418 1962 mibi
426 1912 522 1963 delatio
532 1913 626 1964 detur?
641 1915 716 1965 Idem.
769 1921 841 1979 gent.
868 1915 925 1978 psid
945 1912 1157 1975 micatque
1175 1911 1298 1975 peccori),

211 2010 217 2021 ·
240 1987 467 2048 meruissem
478 1990 561 2054 ,tisun
576 2005 644 2053 pssum
656 1990 732 2050 sumi·
768 1993 817 2041 erc.
834 2004 909 2053 quum
925 1989 1094 2053 ergobcuestu
1110 1987 1216 2037 oratioue
1225 1987 1296 2037 tilius
1313 1990 1321 2011 '

207 2062 310 2126 Mer]
328 2064 419 2128 Neque
430 2065 540 2127 amplius
551 2065 733 2116 erreutiuhu·
770 2067 900 2116 declinere
927 2065 1131 2129 objurgationem
1157 2063 1300 2128 potuisset,

203 2138 249 2201 jus
260 2139 311 2188 locl
322 2138 545 2203 interpretatione,
554 2140 592 2190 siu
602 2141 733 2190 illunrdis·
770 2155 803 2191 ne
814 2142 955 2192 Chremetis
965 2141 1069 2206 quidem
1081 2139 1226 2189 criminatio
1237 2153 1298 2202 pro·

207 2213 291 2277 tingui
317 2223 344 2264 et
371 2215 518 2279 interpuugi
542 2216 647 2278 curavi3
674 2232 733 2267 nam
770 2221 867 2269 movit:
885 2218 985 2268 invenit
1003 2216 1109 2281 equitus
1126 2214 1298 2279 patrisslissn

208 2286 290 2352 istud,
307 2290 473 2354 seesima,
494 2305 544 2340 uon
562 2291 643 2342 debet
658 2293 733 2356 jungi
770 2295 903 2357 rationem,
919 2293 987 2343 nude
1006 2308 1037 2342 rra
1057 2294 1107 2341 lure
1124 2290 1218 2355 psidess
1235 2290 1300 2340 eutis

208 2379 276 2428 cum,
291 2365 365 2429 fleas,
383 2367 430 2416 sed
448 2380 515 2428 cum,
534 2367 616 2429 reieci
637 2371 683 2429 de,·
705 2375 734 2420 et
770 2371 969 2420 eeleuesscusuu
987 2370 1018 2418 ud
1035 2367 1205 2429 obimgosdsus
1222 2364 1297 2416 vide·

207 2441 289 2492 verbs
299 2442 337 2492 sic
349 2441 499 2504 ordinanda,
510 2444 621 2493 immillo
624 2445 689 2508 fleas
698 2461 734 2496 re·
771 2454 860 2497 retur:
882 2448 908 2497 id
926 2446 996 2512 quod
1015 2443 1205 2509 spectatoribus
1223 2441 1299 2492 suasi

201 2510 263 2578 iecit
278 2531 303 2566 ss
319 2519 346 2566 iss
363 2531 416 2566 essm
429 2518 595 2576 familiariter·
632 2521 735 2571 Gallice
770 2523 863 2584 μιμήσει
888 2523 1052 2573 ostenditur:
1080 2520 1163 2570 donec
1183 2517 1299 2582 denique

169 2616 177 2623 ·
209 2593 297 2642 dicas:
319 2593 371 2641 lille
390 2607 415 2642 se
435 2608 546 2642 resumo
562 2609 604 2642 sar
624 2597 665 2660 lay
680 2597 735 2656 fort
770 2595 1174 2662 manifestaiujuria(detrectsti
1186 2593 1299 2646 scilicet,

203 2664 396 2726 fnuilicresrsest.
429 2668 521 2730 Neque
541 2667 609 2719 euim
628 2684 735 2721 cousue-
772 2675 794 2724 si
804 2673 883 2735 forte,
901 2673 1003 2736 imperii
1020 2672 1113 2737 patrii)
1127 2687 1208 2722 omum
1217 2670 1299 2732 objac-

209 2747 265 2789 tum
273 2741 344 2789 illurn
356 2755 468 2790 umorem
479 2756 513 2790 ex
525 2745 687 2806 recognovit
697 2759 734 2794 se·
768 2752 845 2811 gaudi
854 2765 947 2800 mesum
957 2749 1143 2813 suppeditaret.
1167 2747 1300 2797 Boeclerrre.

208 2829 271 2877 nex,
294 2815 361 2880 quod
381 2816 529 2879 Glycerium
551 2818 736 2870 lamentaretur
805 2830 850 2875 111
868 2824 999 2886 Neesutr's]
1018 2823 1085 2872 blire
1107 2822 1239 2885 expressit
1259 2823 1299 2871 in.

189 2889 336 2955 ‚lnfunere
345 2889 476 2953 Chrysidis
486 2889 561 2955 (quid
570 2892 639 2940 enim
648 2894 735 2943 aliud?
772 2899 930 2963 dulgentiam
941 2899 1020 2962 putris
1032 2895 1189 2960 ergafilium.
1221 2898 1300 2960 Erat,

209 2981 261 3016 nus
277 2981 335 3016 cusu
353 2966 399 3016 ills
416 2980 496 3030 usque
512 2981 528 3015 a
543 2967 640 3017 tenella
655 2976 735 3019 astate
772 2973 863 3037 lnquit,
880 2987 974 3022 causa:
992 2971 1037 3021 sed
1060 2986 1108 3035 pro
1124 2971 1297 3021 amaritudine

209 3055 312 3105 semper
326 3041 451 3107 vixerat,)
465 3056 516 3092 uon
528 3057 560 3091 ex
570 3057 611 3107 eo,
622 3044 735 3108 inquens,
772 3046 953 3110 objurgationis
963 3060 1015 3095 uon
1032 3053 1089 3095 erat
1106 3045 1178 3104 satis,
1187 3045 1236 3095 boc
1248 3052 1299 3108 est,

209 3115 256 3165 sed
275 3116 341 3179 quod
360 3131 389 3165 se
407 3118 436 3166 in
454 3118 616 3182 Pamphilum
633 3125 686 3169 taur
697 3119 735 3168 fu·
772 3121 1080 3172 nouidonesvidcbutur.
1095 3121 1213 3170 Donatus.

208 3189 345 3238 miliariter
354 3190 498 3253 rejecisset.
529 3193 646 3244 Emends
656 3194 736 3258 igitur
776 3220 780 3226 ·
805 3199 857 3248 Nec
873 3198 934 3248 suis
953 3199 985 3246 ud
1006 3196 1187 3260 objurgandam]
1212 3197 1299 3246 Deest

210 3266 340 3316 versiones
350 3266 473 3317 Gallicas.
489 3269 576 3321 Faber.
772 3273 908 3335 hbsiael
923 3278 983 3323 erut.
1000 3273 1143 3334 Virgilius:
1159 3273 1239 3322 ‘Nec
1256 3280 1298 3322 sat

243 3346 292 3392 11⁰
309 3342 374 3411 Quid
391 3343 438 3405 uis]
467 3344 527 3393 Non
544 3347 737 3414 interrogantis,
772 3347 879 3396 rationis
898 3347 924 3395 iu
944 3346 1045 3396 nrmisr’
1062 3354 1089 3397 et
1104 3347 1155 3402 bic,
1171 3352 1233 3409 erat,
1256 3347 1298 3397 rel

210 3417 257 3469 sed
269 3418 386 3469 mirantis
396 3427 444 3468 est.
460 3420 577 3471 Detentus.
773 3421 853 3484 mbas,
863 3421 938 3471 deest
948 3421 981 3469 ud
992 3423 1156 3471 senteutiam.
1171 3423 1249 3471 Iuleas.

245 3496 384 3560 Quidum]
400 3497 444 3547 Ita
459 3498 536 3547 scribi
549 3500 616 3563 jussi
632 3501 659 3551 in
673 3500 736 3553 locis
804 3497 915 3560 Diceret]
931 3497 1017 3546 Deest
1027 3498 1098 3547 cuius
1115 3498 1200 3547 Idem.

211 3571 409 3635 posueiutlnitis,
418 3573 445 3621 in
454 3576 526 3638 queis
535 3576 645 3626 antebac
656 3592 736 3640 pune·
812 3577 863 3623 lli
891 3573 957 3630 ΟΜ
978 3571 1048 3635 Μ’]
1075 3573 1145 3622 Mire
1174 3573 1297 3625 fidueim

210 3652 266 3696 turn
284 3647 495 3711 interrogativum
512 3651 625 3713 positum
640 3650 738 3717 fuerat,
772 3648 892 3716 praetulit
900 3653 1060 3712 argumento,
1070 3647 1138 3711 quod
1157 3656 1198 3698 est
1212 3650 1240 3698 in
1257 3664 1297 3699 se·

210 3737 270 3772 cunr
281 3724 370 3772 notula
380 3724 552 3773 admirationis
565 3725 602 3774 ibi
617 3740 736 3778 neeessa-
772 3728 863 3794 quenti
872 3740 957 3775 versu.
972 3724 1050 3773 idem.

211 3800 250 3850 sia
265 3799 310 3850 sit.
343 3799 403 3849 lloc
417 3813 518 3862 moneo,
536 3801 627 3864 nequis
644 3817 736 3866 opera·
777 3840 782 3849 .
806 3796 1145 3862 Qaidseci‚qaidcosssrersi,
1159 3805 1202 3849 ost
1214 3814 1297 3863 pseru-

211 3888 268 3924 ruro
274 3873 735 3940 l'ypogrspbicarumnegligentiats.
770 3880 810 3942 es]
824 3877 923 3937 Αὔξησις
947 3891 964 3925 a
979 3873 1117 3936 majoribus
1134 3874 1168 3925 ad
1186 3877 1297 3925 minora.

211 3952 261 3998 ties
275 3960 410 4014 peecatum
430 3949 508 4001 luisse
524 3951 671 4004 arbitretur.
701 3956 735 4006 ln
772 3956 809 4005 Et
822 3951 875 4012 feci
895 3949 967 4015 quasi
983 3946 1083 3996 iscinns
1100 3949 1175 3998 dixit.
1207 3951 1299 4000 Facere

211 4025 737 4094 excerpstsenonstobuiclocosdsssip-
771 4026 841 4077 enisu
862 4025 924 4090 quis
951 4029 980 4071 et
1003 4021 1168 4073 homicidium
1189 4023 1296 4076 dicitur.

213 4104 268 4145 tum
287 4097 353 4147 init:
370 4110 440 4152 oum
455 4114 514 4150 ars:
531 4103 735 4168 mmtensgsss-
773 4101 916 4163 θωπί,
936 4097 1041 4148 minoris
1057 4099 1141 4162 culpa
1160 4105 1219 4150 est:
1236 4100 1299 4151 Pee-

213 4170 470 4232 tmredsrirssts'sest.
485 4175 736 4240 harmonico
770 4177 835 4241 essi,
850 4175 933 4228 multo
943 4171 1084 4225 minoriset
1094 4173 1208 4226 levioris.
1225 4176 1266 4229 Id.
