2676 4710
206 353 387 405 rnuurrmr
412 353 777 434 autumantium.
802 357 826 404 ι.
978 322 1063 406 lolli

88 508 162 562 ,mc
180 498 302 549 licuntur
324 512 376 547 uuo
394 497 497 561 spiritu.
539 498 614 550 Idem.

88 590 116 628 .·
568 576 696 639 Acceptum
715 573 822 637 ursam]
846 573 982 625 Conclusil
1007 588 1066 640 par·

89 650 191 701 inirem
210 650 253 712 do]
287 650 407 713 Apparet
429 647 499 713 qnod
539 659 591 701 tem
611 651 806 700 deliberationis
828 665 882 700 aure
894 664 941 715 pet
958 652 1066 702 electio·

88 727 238 777 antrislraec
250 725 372 774 dicebat:
390 724 450 773 idco
460 730 498 780 et,
538 741 605 778 nem.
620 726 696 777 Idem.

88 805 306 854 eduimmtcoro.
323 800 407 850 idem.
569 802 712 853 orntum
721 802 759 866 ta]
772 802 895 867 Corripit,
905 802 975 867 quod
988 803 1067 853 abeat

89 883 124 946 ιιι]
142 883 237 932 Potest
256 884 325 932 enim
345 889 373 932 et
391 881 499 931 maritus
539 880 572 930 ab
584 880 635 931 ilia.
669 880 728 941 car,
746 895 796 930 non
808 881 1004 947 interrogantis,
1019 883 1066 931 scd

89 971 140 1007 nen
150 958 259 1013 amicus,
278 957 324 1006 scd
336 955 434 1008 effectu
445 971 499 1006 rna·
539 957 708 1021 corripientis·
719 964 760 1008 est
775 964 803 1008 et
819 957 978 1021 increpantis
997 959 1067 1024 qnod

88 1036 116 1086 ilt
127 1037 246 1086 amicum.
264 1036 339 1085 idern.
540 1031 689 1098 Glycerium
701 1032 813 1084 deserat.
830 1033 905 1084 Idem.

89 1112 103 1176 ι]
119 1113 162 1162 Nc
173 1127 300 1176 segreges.
317 1113 391 1161 Idem.
575 1112 741 1175 otuun'om]
759 1111 824 1164 Quoe
838 1124 913 1177 opem
925 1113 1014 1163 tulerit
1023 1127 1068 1176 pa·

89 1189 125 1253 us]
142 1190 184 1239 Nc
193 1191 305 1239 deseras.
321 1189 397 1238 Idem.
541 1190 626 1251 rienti,
635 1188 751 1239 obstetrix
761 1189 875 1239 dlcltur:
893 1189 999 1240 undeet
1010 1204 1070 1253 par·

89 1265 126 1329 m]
143 1266 224 1318 Quasi
236 1266 316 1315 orhae.
334 1265 410 1314 Idem.
541 1268 677 1330 turientcs,
688 1266 736 1316 Fer
746 1281 820 1329 opem,
829 1267 950 1315 clamant.
967 1266 1043 1316 Idem.

89 1342 115 1407 ιι]
131 1344 210 1396 Quasi
220 1356 316 1406 parve.
333 1343 409 1392 idom.
574 1340 886 1393 Sedctuttrndioudlllol
908 1341 948 1391 Μ.
963 1341 1071 1391 obstetri-

89 1420 116 1483 u]
131 1421 173 1470 Ad
194 1419 256 1469 iliud
274 1418 343 1483 quod
363 1420 408 1482 ait,
427 1418 503 1467 iilud
541 1435 591 1469 cem
608 1432 707 1468 coemto.
733 1420 767 1469 P.
782 1417 896 1482 propero]
912 1419 1011 1468 Versus
1029 1428 1070 1468 eat

89 1511 119 1545 m.
136 1496 220 1546 Idem.
543 1497 664 1545 trimeter
672 1494 812 1544 lamhlcrts:
825 1493 870 1542 aed
878 1492 965 1542 exodia
974 1493 1071 1543 eliden-

89 1573 93 1620 l
110 1572 189 1620 cium
207 1574 246 1633 do,
262 1572 373 1632 emicem,
392 1576 502 1629 tutoruu,
543 1571 603 1620 dum
615 1578 656 1621 est
667 1585 688 1633 s,
706 1578 734 1620 et
746 1569 870 1635 inquirite
880 1569 942 1620 sedo
953 1570 1072 1633 dactylus

95 1648 215 1695 Donatus
234 1645 352 1694 erudite:
370 1644 458 1693 ‘Haeo
476 1651 505 1694 ct
544 1647 718 1699 collocandus.
737 1645 850 1697 Fo'c'rrtttt.

89 1721 160 1770 ’δια
185 1722 300 1770 oratorie
321 1726 407 1769 antem
427 1732 505 1768 unum
576 1728 607 1774 65
627 1723 740 1789 Propero,
755 1728 824 1787 utque
842 1719 955 1785 nudiss'i]
983 1720 1021 1770 Er*
1034 1719 1073 1769 in·

89 1796 290 1846 multudiciturz
306 1797 425 1847 maritum
437 1797 506 1846 euim
545 1800 688 1864 terrogatiu
698 1815 749 1865 qno
765 1805 815 1862 eat,
835 1805 862 1849 ct
879 1798 1021 1860 mecurio,
1039 1795 1072 1845 ed

90 1887 176 1936 guare.
209 1872 387 1924 Similisiocus
399 1879 504 1926 octav.
545 1883 726 1940 argumentum
746 1876 831 1941 magui
852 1874 945 1924 amoris
962 1872 1071 1924 accedit.

89 1949 503 2014 1.28.etd.qnaeetilomero
544 1955 665 2004 Dusotsu

94 2026 214 2074 Donatus
224 2025 262 2074 ibi
278 2033 395 2075 annotat.
413 2025 504 2075 Βοιὼ-
581 2030 683 2080 Vendere
691 2042 828 2078 murrum
838 2027 976 2091 desaptiis]
987 2027 1073 2075 Deest

544 2106 627 2156 dirus:
643 2105 725 2169 ligura
743 2103 851 2166 ἔλλειψις.
869 2105 943 2154 Idem.

90 2184 218 2227 munuum
227 2175 465 2239 iilidoopetmliim
480 2181 504 2225 ei
579 2182 617 2230 Dc
635 2180 736 2244 eupillo]
757 2178 895 2242 Nonquod
912 2175 1071 2227 iodicium·
1138 2174 1139 2181 ’

90 2253 205 2319 ulofidci]
222 2253 419 2316 conclusiones·
435 2265 506 2301 msu-
546 2271 588 2305 ros
608 2255 732 2305 nescierit
752 2254 919 2317 Glycerium:
938 2252 983 2300 sed
1004 2249 1073 2313 quoti

90 2336 106 2381 lt
117 2331 316 2380 obtestationem
331 2327 423 2378 efficax
434 2328 506 2376 sous.
547 2333 606 2381 illas
616 2330 694 2379 lindie
709 2329 834 2377 indixerit
850 2334 926 2390 patet
939 2325 1004 2386 iillo,
1016 2339 1075 2374 com

90 2443 97 2458 ·
548 2421 627 2469 supra
639 2411 667 2454 et
685 2403 825 2465 Pamphilo
842 2409 870 2450 et
887 2401 1010 2464 Glycerio
1028 2401 1077 2447 dis·

106 2483 199 2544 nostro]
233 2483 300 2531 Hoec
332 2479 414 2530 rerba
436 2477 509 2544 qunti
549 2482 661 2532 turbatae
684 2478 845 2540 viderentur,
859 2477 920 2542 qula
936 2484 997 2526 suut
1014 2490 1076 2525 cou-

90 2561 168 2611 uilem
181 2573 252 2609 arsam
268 2556 429 2608 ostendentis
441 2559 509 2605 snut.
549 2560 648 2610 stitutae
660 2557 686 2607 iu
698 2557 765 2605 irruo
777 2555 854 2605 diem·
871 2554 947 2604 ldetr.

583 2633 659 2697 Coos]
684 2631 820 2682 Auuotent
837 2628 941 2694 quidum
959 2642 1014 2677 croc
1034 2627 1078 2676 iric

91 2713 183 2776 mairo]
193 2709 252 2760 Hoc
263 2718 311 2775 est,
318 2709 359 2760 Ad
369 2723 418 2758 retu
429 2713 508 2758 islon-
548 2708 740 2773 corripiendum
750 2720 815 2755 ease.
832 2707 908 2755 Idem.

91 2802 142 2840 em.
580 2790 615 2835 dd
632 2786 672 2835 Nc
688 2786 720 2833 sd
739 2783 843 2831 morbum
861 2783 904 2832 loe
920 2778 1077 2842 clion11le·

92 2871 173 2916 satiro
189 2863 250 2927 inc]
265 2863 412 2919 Peculium,
423 2861 509 2925 sopol-
549 2878 605 2913 rum
629 2860 751 2924 ἔλλειψιςε
777 2858 853 2908 deest
877 2857 954 2918 cuim,
975 2857 1085 2905 resedato

91 2957 104 2992 ι.
126 2941 268 2991 ramum.
549 2939 633 2989 Idem.

91 3020 207 3083 millio,
224 3015 279 3080 ism]
294 3015 425 3077 Tanquam
438 3012 511 3075 justo
584 3007 916 3064 Neudmordnmlroeciimt.
949 3005 988 3054 iii.
1000 3004 1081 3068 usco]

91 3094 206 3159 legitimo
234 3090 333 3154 herodi,
364 3087 508 3138 fiduciario.
549 3091 646 3140 Versus
657 3095 700 3139 cst
710 3085 836 3138 iambicus
846 3081 958 3131 dimeter
967 3082 1081 3131 catalec-

550 3165 631 3216 ticos:
650 3178 710 3212 nam
721 3160 788 3227 qood
805 3159 850 3208 olii
868 3159 936 3207 lmnc
957 3158 1080 3221 supplent

91 3245 136 3296 'snt
145 3245 205 3294 milti
220 3244 245 3292 iu
260 3256 356 3291 murm
371 3239 425 3302 dni]
442 3240 509 3289 Con·
551 3257 583 3293 ex
591 3239 735 3305 insequenti
742 3234 1080 3299 scena,ni,quidoioiiyrrio,

91 3327 164 3372 ¹snut
174 3321 290 3383 legitime
300 3316 399 3380 nuptiae
417 3329 464 3380 por
484 3317 511 3363 iu
551 3316 673 3383 perficiat
689 3313 827 3373 aunarium,
837 3311 946 3375 primum
963 3309 1018 3359 lsaec
1040 3325 1081 3357 or·

91 3396 303 3448 'consentionem
319 3392 424 3442 Etruite
436 3391 510 3441 truc.-
552 3392 653 3444 d'tuatio
673 3403 792 3440 versuum
809 3388 837 3436 in
851 3386 923 3435 nullo
936 3385 1001 3434 libro
1012 3385 1082 3431 inre·

91 3473 236 3533 immamus.
252 3471 383 3519 Donatus.
552 3472 638 3520 uimr:
656 3465 752 3518 deinde
770 3478 858 3514 vorsus
876 3462 920 3527 qni
931 3466 1082 3522 sequuntur,

99 3550 212 3599 mutium
230 3547 305 3608 iprum
324 3541 431 3608 occupat]
453 3544 518 3595 Quo·
553 3545 672 3611 impediti
702 3546 847 3598 remanent,
873 3543 902 3587 ut
928 3549 978 3585 nou
1006 3533 1083 3584 facile

91 3637 221 3675 umorem
232 3635 288 3669 0⁸⁸⁹
300 3625 405 3681 oportet
415 3632 515 3679 em,
553 3629 653 3673 certum
676 3620 715 3670 eis
742 3629 823 3683 genus
848 3611 930 3677 possit
950 3611 1085 3675 estunam

91 3714 111 3751 e
122 3697 239 3748 iiiauihil
257 3696 344 3743 locuta
355 3701 405 3742 est.
424 3693 499 3741 idean.
556 3697 672 3747 Falsum,

91 3778 168 3843 meni}
183 3775 305 3840 Proprie,
315 3771 388 3837 quasi
400 3784 515 3820 uxorem.

416 3931 569 4000 Acriis
613 3931 663 3996 Π.

92 4099 112 4137 Α
123 4100 143 4136 1.
154 4085 222 4136 Haec
230 4095 332 4150 quoque
342 4095 419 4132 scena
427 4087 516 4130 satore
554 4074 692 4125 ordinato:
707 4073 735 4122 in
753 4083 803 4134 qua
821 4081 859 4131 rs,
869 4068 976 4117 liureio
989 4065 1084 4115 iterum

97 4162 220 4213 iambicis
241 4168 269 4209 et
288 4156 435 4216 trochaicis,
446 4162 514 4206 cetu·
556 4152 668 4217 palmam
696 4146 783 4197 defert
809 4143 1025 4195 Fr.1·'ubricius:
1053 4156 1085 4190 eo

99 4237 333 4290 etecatalect'scis:
350 4233 516 4284 metroraria
556 4227 623 4296 quoti
632 4225 739 4292 optimis
747 4221 821 4274 lihsia
838 4222 951 4274 illaesus
961 4222 1005 4271 sit.
1038 4219 1086 4266 Λι-
