2676 4710
116 317 202 382 1238
468 332 576 380 uonna
600 332 798 381 vantonuu
826 332 864 379 tu

148 479 182 524 tu
198 477 310 524 Oslusou
319 474 452 538 mmm]
471 474 545 524 Licet
550 475 644 538 jocan-
680 475 730 523 nis.
749 474 824 523 idem.

118 550 644 614 tietamicoconvitinmjoonndefsoete.
712 556 745 600 od
771 552 837 607 Quid
859 555 909 599 lust
933 550 1025 613 satane]
1062 548 1136 601 Qnid
1154 547 1208 599 enin

119 630 196 680 Idem.
679 636 776 692 praeter
795 627 884 677 sitium
903 633 1041 689 superest,
1056 625 1104 675 nbi
1125 632 1209 674 amatos

150 711 182 756 50
195 705 243 762 Qui
252 709 311 754 esset
322 707 412 771 mons]
430 706 531 755 Statura
541 708 643 770 corpori
680 711 722 755 est
732 704 891 766 adolescens,
909 711 938 752 et
957 704 1036 765 virgo
1051 703 1209 752 dormienset

118 783 278 831 adscribitur
287 797 294 831 ε
303 781 386 830 Status
396 781 428 829 sd
438 782 552 831 ltsbitnm
564 781 643 831 reses·-
680 782 796 831 inclusa?
807 782 889 832 Gnate
898 781 1038 845 explicata
1049 782 1209 839 namatium

118 866 165 908 tos.
199 858 270 921 Ergo
285 864 364 908 slotss
379 865 421 909 est
433 860 646 923 oxinazststara,
680 873 756 922 quam
779 856 909 906 audientis
931 857 1076 905 curiositas
1104 855 1171 917 fisis,
1188 864 1208 904 et

116 935 249 997 longitudo
260 936 386 998 corporis.
403 936 478 984 Idem.
681 933 756 996 cujus
776 934 802 981 in
818 941 939 982 extrema
948 940 1028 997 parte
1039 935 1125 997 major
1136 941 1207 982 atten-

152 1012 184 1058 Te
200 1011 292 1059 mnam
311 1013 416 1075 tautum]
446 1012 515 1062 Quia
532 1012 580 1060 boc
599 1011 645 1061 mi·
681 1008 780 1058 tinent.
797 1010 873 1058 Idem.

117 1087 252 1136 nisterium
270 1087 439 1136 delicatorum
454 1093 645 1136 servotumost.
717 1087 782 1141 Quid
802 1093 852 1135 tum
864 1085 950 1149 satae]
967 1085 1082 1151 Antiqui
1104 1086 1162 1135 libri
1179 1086 1207 1134 bit

119 1162 194 1211 Idem.
681 1160 789 1224 babent,
807 1165 882 1226 qtu'd;
904 1178 964 1227 quan
987 1162 1127 1227 particula
1144 1164 1208 1223 geni·

149 1242 179 1286 il
201 1240 289 1288 Omnes
297 1246 414 1302 minuat
424 1240 460 1303 se]
485 1239 645 1291 Vetbonen·
681 1243 743 1285 nats
755 1239 903 1287 necessaria
916 1245 946 1287 et
965 1240 1056 1287 temni
1072 1238 1177 1288 videtur
1190 1245 1209 1287 et

83 1347 87 1358 .
117 1315 178 1364 trali
190 1316 261 1379 qnasi
272 1317 356 1365 activo
369 1332 428 1365 usus
439 1323 488 1366 est.
506 1317 580 1366 Idem.
681 1317 783 1364 sensui:
800 1316 948 1378 interrogat
959 1315 1032 1363 enim
1044 1314 1208 1364 ChateaAn·

150 1392 272 1440 Proruuul
283 1394 319 1457 te]
346 1394 389 1442 Sic
410 1393 521 1457 Adelph.
538 1403 589 1444 sot.
602 1407 646 1443 ιιι.
682 1390 824 1452 tiphonem,
836 1405 883 1440 cut
892 1391 951 1453 qaid
969 1396 1022 1440 tans
1040 1392 1210 1454 interrogarit,

117 1481 153 1516 so.
176 1472 200 1517 2.
227 1470 235 1496 ‘
252 1477 354 1519 ceteros
378 1470 496 1519 ruerem!
540 1470 645 1521 Active.
682 1466 726 1530 qui
739 1465 893 1528 perscipue
907 1467 1208 1531 potesstqoidseeutm

118 1545 261 1594 Famuline.
681 1548 760 1601 esset,
770 1542 910 1606 conjicere.
921 1543 979 1607 iege
990 1557 1058 1607 ergo
1069 1545 1120 1595 boe
1131 1544 1209 1594 modo:

150 1627 181 1672 52
202 1624 249 1671 Ubi
257 1624 355 1687 obsunt]
377 1625 432 1682 Ubi,
444 1632 471 1675 et
483 1627 606 1689 temporis
618 1632 645 1675 et
684 1618 758 1679 ΟΜ,
779 1619 835 1680 Μ
856 1616 926 1669 ⁸⁸¹⁸?
945 1618 1029 1691 silm-
1048 1622 1125 1684 (lllssi
1141 1620 1210 1680 (iistis
1252 1622 1254 1631 '

117 1698 167 1748 loci
180 1705 341 1762 potestesse.
359 1701 480 1752 Donum,
682 1695 744 1759 qnid
763 1695 813 1744 sibi
826 1696 881 1745 vult
893 1702 966 1745 tunm
978 1697 1063 1759 istud,
1074 1697 1137 1762 qnid
1149 1698 1210 1748 tan?

150 1778 182 1823 ol
195 1775 647 1843 lutereotosuuusoirgiuemopprimit]
683 1771 801 1820 Fss'v'w·

117 1849 216 1912 Utpote
228 1866 401 1913 compressam
413 1867 509 1915 somno,
520 1860 547 1902 et
559 1853 646 1902 obleo·
716 1847 816 1910 Fateor]
828 1848 874 1897 Me
886 1847 988 1898 stillum
998 1849 1046 1913 qni
1055 1850 1106 1900 hoc
1116 1850 1212 1915 quelle·

117 1933 199 1974 tatam
212 1925 324 1989 flabello,
335 1936 413 1992 atque
426 1927 459 1977 ab
472 1929 596 1977 Eunnolto
608 1929 646 1977 ni·
684 1927 741 1986 tint,
752 1927 916 1977 subauditor.
934 1929 1060 1980 Domo.

117 2002 152 2050 bil
167 2009 332 2052 metuentem.
349 2003 425 2053 Idem.
715 2007 756 2052 Aa
776 2018 820 2065 ego
839 2004 981 2053 occationem
998 2005 1062 2054 suits·
1078 2009 1212 2054 ualdus

151 2077 205 2136 Ego
216 2077 281 2126 limis
290 2077 379 2141 specto]
402 2079 489 2140 nimie,
499 2079 519 2128 si
531 2080 646 2128 nomina·
683 2083 785 2137 tontum,
796 2086 846 2128 tous
856 2080 957 2141 ὺνουιιι,
973 2085 1025 2129 tm
1035 2086 1154 2144 optatam,
1171 2087 1212 2130 tm

117 2153 187 2201 titus
206 2153 343 2216 singularis
361 2163 411 2217 est,
421 2163 580 2204 transversus
596 2157 646 2220 sig·
683 2155 835 2216 mantum,
862 2155 1009 2218 omitterem]
1032 2156 1105 2206 Vide
1126 2165 1213 2222 quantu

117 2228 220 2277 nificat:
246 2231 267 2279 si
289 2231 413 2294 septimus
436 2232 552 2295 pluuiis,
572 2230 647 2280 deest
683 2230 794 2281 dixerit:
815 2247 865 2281 non
886 2233 1061 2294 uoluntatem,
1080 2234 1129 2283 sed
1146 2248 1212 2282 ocos·

116 2307 198 2354 oculis.
232 2306 301 2357 Nam
322 2308 394 2371 butu,
411 2316 451 2358 est
469 2316 645 2358 transuersus:
682 2308 794 2358 sionem:
812 2323 863 2357 nou
879 2308 1101 2370 animadversam,
1116 2309 1163 2358 sed
1179 2323 1212 2358 os·

118 2384 187 2432 unde
206 2382 278 2433 lisseu
296 2384 392 2434 dicitnr
407 2398 518 2449 quoqne,
529 2383 596 2449 qnod
608 2385 646 2432 iu·
683 2389 828 2432 tentatam:
840 2399 891 2433 non
901 2384 977 2446 hanc,
984 2383 1030 2432 sed
1039 2391 1158 2437 tantam:
1168 2400 1212 2434 nos

117 2460 295 2521 gradientibus
322 2462 529 2525 montibusque
562 2468 646 2509 trans·
683 2467 826 2522 angustam,
846 2459 889 2507 sed
906 2459 1028 2510 brevem:
1049 2475 1101 2509 non
1118 2462 1214 2525 appeti·

117 2549 220 2583 uersum
240 2544 289 2584 est.
325 2539 410 2585 Quum
428 2537 509 2600 igitur
530 2535 646 2584 dissimu·
683 2545 746 2596 tam,
766 2537 812 2586 sed
830 2545 960 2599 optatam:
978 2549 1029 2585 non
1047 2539 1213 2601 repentinam,

117 2609 173 2657 lant
184 2609 299 2658 hominen
318 2625 345 2659 se
367 2611 455 2659 uidete
469 2610 536 2674 qnod
549 2609 646 2669 vident,
683 2615 727 2664 sed
739 2614 908 2676 insperatam.
933 2614 969 2661 Et
979 2613 1048 2662 bene
1060 2615 1214 2678 imperuim

117 2690 145 2731 et
157 2696 207 2731 non
219 2692 292 2733 sseta
305 2683 383 2745 facie,
394 2685 441 2734 sed
453 2693 597 2734 transversa
608 2686 646 2734 in·
682 2689 753 2738 alind
766 2689 834 2737 euim
846 2687 896 2736 sibi
908 2687 1082 2750 promiserat;
1099 2697 1214 2752 utsupra

117 2763 235 2813 tuentur,
245 2758 310 2803 umis
321 2759 443 2804 dieantur
452 2760 563 2820 mouere.
579 2759 621 2808 ld.
682 2765 801 2818 diximus,
813 2778 864 2811 non
872 2763 940 2826 quod
950 2764 1054 2826 pictura
1063 2766 1214 2830 occasioque

150 2830 227 2880 Linus
246 2830 337 2894 spemn]
367 2832 431 2882 cum
451 2832 503 2882 limi
525 2834 647 2886 dicantus
683 2839 819 2903 persuasit.
837 2839 912 2887 ldetu.

117 2906 213 2972 obliqui
244 2908 410 2971 generaliter,
433 2909 482 2960 hoo
504 2917 589 2959 tamen
611 2912 645 2962 de
714 2915 828 2963 otiliam
844 2914 883 2976 pol
901 2927 944 2974 ego
959 2914 990 2976 ia,
1005 2915 1060 2978 lfa]
1079 2917 1215 2968 Eonnebas

116 2984 316 3034 oculistllcitut
334 2983 409 3035 tom.
683 2992 738 3041 scil.
755 2991 831 3042 Idem.

149 3063 204 3122 Ego
225 3061 288 3110 limis
308 3061 398 3126 specto]
432 3062 545 3112 Subandi
563 3064 645 3113 nodis.
717 3067 766 3123 Qui
787 3067 927 3133 amantor]
943 3069 976 3120 ld
996 3077 1048 3133 est,
1069 3070 1213 3122 Eunuchus»

116 3153 166 3188 non
179 3138 282 3201 quidem
294 3139 423 3199 eouiuselis
432 3140 463 3188 od
472 3138 605 3203 flabellum,
617 3147 646 3188 ut
683 3144 825 3193 Fumoliue

117 3214 195 3277 aliqui
215 3214 284 3276 apud
302 3215 477 3278 Enqtaphium
497 3215 645 3278 explicant3
715 3223 748 3268 59
765 3219 827 3270 Saue
845 3222 920 3272 berele
937 3228 965 3271 ast
980 3222 1054 3286 dieis]
1071 3184 1166 3287 Deest,
1181 3225 1214 3275 its

116 3291 161 3341 sed
169 3291 288 3354 paululum
299 3291 377 3352 tortia
386 3298 414 3338 ut
423 3291 562 3339 alumeltus
565 3305 646 3354 ,qnou
683 3300 727 3344 est.
746 3297 874 3346 Donatus.

116 3369 183 3417 limos
195 3368 272 3415 oculos
290 3367 448 3415 amatoribus
460 3366 575 3416 vindieat
586 3368 646 3416 Lin·
716 3371 764 3420 Sed
784 3372 879 3422 iuterim
894 3376 923 3423 de
937 3375 1048 3438 symbolis
1065 3378 1124 3442 quid
1138 3385 1212 3428 aetum

116 3443 273 3506 denbrogius
286 3441 317 3490 ad
330 3442 354 3489 lt.
366 3442 383 3490 l.
401 3442 530 3491 Boeelesus.
682 3447 730 3510 est]
749 3449 821 3496 Bene
833 3465 929 3499 memor
940 3457 981 3500 est
992 3466 1125 3517 persona,
1142 3469 1212 3520 qnam

148 3522 227 3571 Limia
246 3520 337 3584 specto]
367 3519 406 3566 Ex
428 3519 542 3584 obliquo,
564 3526 644 3570 traus-
684 3525 786 3573 induxit
798 3525 882 3575 Poeta
884 3542 949 3588 per
959 3528 1041 3578 hanc
1035 3534 1213 3597 interrogatio

115 3596 438 3656 versntnentibusooulis‚
449 3597 566 3645 etllmis.
586 3599 645 3646 For·
683 3615 751 3649 nem
770 3603 845 3650 ldem.

115 3675 209 3725 „obius
714 3679 763 3728 Sed
773 3681 870 3729 soterum
879 3684 908 3731 de
918 3683 1042 3747 eymbolts]
1053 3689 1215 3751 Παροιμιὸδει,

147 3757 179 3801 ol
197 3752 239 3801 Sto
254 3764 298 3814 per
308 3749 431 3815 flabellum
442 3749 584 3813 clanculum]
602 3751 645 3801 Sic
682 3754 810 3819 ἀλλὲπερὶ
821 3757 994 3822 τοῦχαριδίον.
1012 3759 1090 3810 idem.

116 3827 229 3878 δεικτικὸν
240 3834 288 3882 est
307 3834 334 3875 et
352 3827 498 3876 necessario
516 3827 642 3878 additum.
714 3835 746 3879 60
766 3831 842 3894 Frugi
853 3833 891 3896 es]
907 3834 984 3882 Uttlts
996 3842 1023 3882 et
1035 3839 1213 3888 necessarius.

116 3922 173 3955 nam
195 3915 222 3956 et
239 3906 311 3968 limis,
334 3910 361 3954 et
379 3920 422 3968 per
436 3903 568 3969 flabellum,
588 3907 644 3955 sine
682 3915 710 3954 ut
723 3905 809 3968 fruges
820 3908 930 3957 humano
948 3911 1048 3972 generi.
1081 3913 1162 3976 Frugi
1174 3920 1213 3964 est

115 3983 335 4033 demonstratione
362 3997 453 4046 parum
479 3984 641 4047 intelligitur.
681 3997 753 4045 ergo,
765 3983 790 4032 in
803 4000 853 4048 qno
866 3993 903 4034 est
917 3985 1076 4050 aliquidque
1088 3988 1214 4052 fruamur,

116 4057 234 4106 Donatus.
681 4059 705 4108 id
718 4068 767 4121 est,
778 4067 888 4111 utsmut.
905 4063 979 4112 [dent.

148 4138 179 4179 llo
197 4134 472 4200 Peseulumostioobdo]
492 4137 603 4188 Scilicet
614 4147 643 4189 ut
716 4136 781 4190 vlt?
796 4141 898 4204 domiue]
922 4140 1026 4190 Satisne
1052 4141 1145 4206 inepte
1167 4143 1209 4193 itia

116 4213 247 4260 amoveret
257 4216 409 4273 arceretque
423 4212 546 4262 auxilium
559 4214 643 4279 Virgi·
681 4227 808 4265 nonnemo
831 4215 933 4266 dubitat
955 4216 1071 4268 inbono
1092 4219 1213 4270 medum?
