2676 4710
187 315 274 380 1074
536 327 645 392 spru
667 328 868 381 vrnronuu
892 330 932 380 ru

188 476 306 538 apparet.
324 472 399 521 Iden.
751 472 907 534 morum,
922 487 956 523 ne
973 471 1096 523 deoarw
1112 472 1162 522 lmc
1183 479 1236 537 est,
1252 489 1283 524 ne

221 550 271 598 Per
280 548 339 596 tuae
350 543 473 609 dextram]
486 543 561 594 Fidei
573 550 600 593 et
609 542 716 594 i'oederls
753 547 828 595 aliam
843 548 935 605 ducos,
947 555 991 596 aut
1003 562 1089 597 amare
1107 548 1220 606 desines,
1238 551 1284 598 eti«

187 627 339 675 membrum.
372 622 415 673 Ad
432 637 536 672 mauurn
554 621 585 672 fit
606 637 717 672 couren-
752 624 904 672 ameiellom
919 623 1006 673 durus.
1024 625 1098 673 Idm.

188 703 235 751 tio.
254 702 329 749 idern.
465 742 468 749 .
786 700 918 749 Nectite
935 701 994 748 tusc
1011 701 1132 762 segreges]
1153 701 1236 752 Quasi
1248 703 1284 765 ip·

221 779 255 827 Et
275 774 409 839 οἰςοιὶοοι]
433 775 542 840 Legitur
563 782 592 825 et
611 775 718 838 graium
753 789 806 824 sam
829 790 904 824 mauu
926 781 1026 824 teneus.
1067 776 1149 837 Hono,
1175 785 1285 840 propter

188 851 272 902 Idem.
753 847 861 899 formam
872 857 900 899 et
912 858 1024 899 oetatem.
1042 851 1116 899 Iden.
1188 856 1195 863 '

222 927 348 990 Ingenium
365 925 442 990 mum]
464 927 541 980 Quod
561 926 664 991 quidam
680 927 717 976 le·
785 925 912 988 Segregcs]
946 927 1004 977 lloe
1033 927 1141 977 verbum
1172 927 1283 991 simplex

189 1003 300 1068 gendum
312 1003 482 1064 contendunt,
495 1002 717 1060 Gentemidbaud
753 1000 975 1065 derinonpotest.
1010 1004 1284 1066 Needeseraa,p0stre·

188 1094 294 1130 necesse
315 1088 366 1129 est.
410 1080 478 1129 Num
501 1080 574 1143 prius
600 1078 718 1128 illudet
754 1093 805 1128 mo.
823 1079 897 1129 lum.

188 1171 278 1206 versus
287 1163 315 1206 et
323 1169 411 1205 seusus
424 1154 574 1204 admittant.
592 1155 676 1206 Fudsr.
787 1159 819 1204 st
835 1155 863 1203 Si
875 1161 899 1204 te
909 1155 934 1203 in
943 1153 1064 1217 gerranni]
1082 1154 1125 1204 Slc
1143 1162 1206 1205 tuuc
1222 1157 1284 1204 dici·

222 1235 342 1295 Quodego
355 1247 400 1296 per
410 1232 469 1280 burro
478 1235 504 1281 te
517 1233 626 1281 deutrum
635 1246 685 1298 ere,
694 1237 719 1281 tt
754 1247 821 1295 mus,
837 1233 941 1296 quaudo
958 1231 1125 1295 prestitimus
1136 1232 1247 1295 aliquid,
1258 1239 1285 1281 et

187 1310 284 1372 garriens
301 1309 378 1372 tuem]
397 1307 461 1359 0.1.
473 1322 495 1357 s.
507 1309 664 1358 etDuuntus
681 1309 719 1358 ita
755 1316 840 1359 tamen
853 1310 970 1357 uolumus
987 1308 1165 1373 exprobrare:
1184 1317 1215 1358 ut
1227 1310 1289 1357 Vim·

188 1387 448 1449 collocant,qsodogo
464 1390 487 1434 te
502 1386 630 1449 perteue.-
648 1386 717 1449 qnod
755 1389 799 1452 gli.
827 1387 871 1436 ‘Si
894 1401 945 1450 qua
967 1388 1018 1435 tuis
1037 1401 1148 1451 uuquam
1172 1400 1221 1449 pro
1243 1401 1282 1434 rue

190 1463 423 1526 rerosequitur‚st
436 1463 544 1525 geniem,
560 1462 717 1512 inomuibns
754 1469 831 1526 pater
859 1463 990 1526 Hyrtacus
1023 1462 1073 1511 uris
1100 1463 1176 1510 Dono
1206 1461 1282 1510 tulit!

190 1537 275 1600 libris,
298 1538 412 1602 itemquo
435 1540 539 1588 Donato
563 1545 591 1588 et
618 1539 719 1604 Eugre·
755 1540 790 1589 Et
802 1539 861 1588 alibi
874 1556 880 1588 :
899 1541 942 1589 ‘sl
952 1541 1017 1589 bene
1028 1538 1090 1603 quid
1101 1539 1135 1589 de
1145 1546 1172 1588 te
1184 1537 1286 1588 merui?-

188 1614 251 1678 pbiu
262 1620 311 1671 eat,
328 1619 352 1663 et
362 1615 501 1675 inermum
516 1614 584 1679 qnod
595 1623 622 1666 et
634 1617 721 1667 versui
756 1615 830 1666 idem.

188 1690 281 1753 magis.
293 1689 435 1739 convenit:
454 1703 614 1753 exponemus
632 1697 719 1741 autern
788 1689 1046 1754 Iugermurrisrutrio]
1062 1690 1122 1740 Non
1137 1688 1229 1739 fratris
1245 1702 1284 1738 so·

188 1764 330 1829 ingenium,
338 1765 363 1813 id
373 1772 423 1825 est,
431 1772 565 1828 naturam3
576 1780 651 1831 qnam
660 1783 719 1817 euru
756 1767 818 1829 lum,
829 1767 874 1816 sed
887 1767 965 1815 etiam
978 1766 1100 1830 germani.
1118 1766 1193 1814 Iden.

188 1841 266 1891 lende
278 1841 457 1905 intelligendo,
467 1849 541 1891 tento
562 1843 645 1906 magis
660 1859 720 1908 qna·
790 1844 905 1891 Germani
924 1843 1027 1905 fratris]
1056 1843 1200 1891 ‘Sororem
1228 1855 1285 1891 esse

190 1916 287 1979 dmbit,
298 1925 326 1967 ut
335 1917 370 1967 sit
381 1932 430 1981 per
442 1925 513 1967 tuam
522 1917 641 1967 stabilem
657 1933 717 1969 cca·
757 1919 830 1967 alunt
840 1917 989 1981 Chrysidis?
1006 1917 1085 1979 Simo,
1096 1931 1166 1968 scen.
1178 1921 1203 1966 l.
1222 1918 1283 1966 Far·

191 2001 354 2061 stantemque
366 2003 494 2056 naturam,
511 2010 559 2060 per
577 2003 649 2046 tnnm
661 2012 719 2060 pro·
764 1992 857 2043 nebim.

189 2072 249 2122 born
261 2072 409 2123 cremabile
421 2072 568 2136 ingenium:
586 2079 616 2123 ut
634 2079 662 2122 et
680 2075 719 2124 in·
773 2065 1290 2132 Siteiogermusifr.tfo.]rloplooooma·'

189 2147 231 2196 fra
251 2149 283 2197 ds
305 2148 454 2212 Pamphilo,
478 2138 719 2213 ‘Quandoquidem
758 2146 878 2197 nimime:
898 2154 927 2196 nt
939 2161 997 2195 uror
1015 2161 1052 2195 rs.
1061 2150 1102 2195 61.
1124 2144 1287 2208 rummiens·

188 2224 245 2287 ipse
257 2230 297 2273 eat
312 2223 416 2287 iugenio
433 2224 500 2274 bono
511 2223 527 2272 :'
546 2223 660 2274 elidetur
676 2239 720 2274 au·
757 2237 814 2272 cum
834 2223 964 2272 sententia
983 2222 1032 2271 lusi
1048 2220 1148 2271 confer.
1161 2222 1230 2272 Hcs.
1243 2236 1283 2272 111.

173 2288 175 2301 ¹
189 2307 243 2351 tem
260 2301 285 2351 in
297 2301 441 2363 mansione,
451 2300 480 2362 d,
490 2315 523 2350 ex
534 2304 608 2364 quod:
619 2314 648 2352 ur
659 2303 721 2366 qnod
756 2302 781 2349 8.
796 2303 836 2347 29.
849 2302 898 2347 tre.
915 2299 1044 2347 Boeoleros.

190 2388 235 2438 rgo
245 2382 269 2427 te
280 2377 314 2426 sit
326 2385 482 2440 anapaestus.
498 2376 615 2426 Fuimus.
788 2379 822 2424 58
833 2373 920 2423 Sioete
930 2374 979 2421 lroec
990 2372 1076 2434 mlum]
1091 2373 1118 2422 Si
1129 2379 1175 2422 aut
1186 2381 1214 2422 te
1227 2372 1289 2422 mibi

194 2442 204 2483 '²
222 2453 274 2502 Per
284 2453 343 2502 icor
353 2455 472 2516 daemoes,
482 2452 636 2512 attingentem
643 2451 722 2515 leem]
757 2451 884 2516 pretulit,
903 2457 948 2500 aut
968 2451 1065 2499 nullum
1087 2450 1165 2498 elium
1182 2452 1286 2499 noverit

191 2528 318 2589 Ingenium
338 2528 435 2577 babent
446 2528 563 2592 plerique
574 2526 651 2577 libri:
673 2541 721 2576 uec
758 2534 899 2576 amatorem
911 2528 938 2576 in
947 2526 1025 2576 domo
1035 2526 1188 2576 meretricio.
1201 2526 1283 2575 Deso-

190 2604 286 2653 mutari
297 2603 387 2654 debet.
414 2604 539 2653 Horatius
552 2604 664 2654 insimili
676 2604 721 2652 ob·
757 2606 806 2652 tae.

190 2680 342 2737 testatione,
365 2679 468 2742 genium
487 2679 610 2729 adhibet:
627 2678 722 2730 ‘Quod
790 2676 846 2726 Siue
854 2679 904 2728 baec
912 2683 936 2729 tc
946 2679 1031 2744 solum]
1039 2677 1127 2742 Aliqui
1138 2678 1208 2740 libri,
1218 2679 1286 2727 iuter

189 2761 217 2806 te
238 2771 286 2819 per
309 2757 423 2820 genium,
443 2756 625 2819 dextrumque,
638 2755 723 2804 Deos·
758 2754 972 2817 quusVatieanua
988 2761 1016 2804 et
1032 2755 1202 2813 Basilicanrrs,
1224 2754 1284 2802 item

190 2847 240 2896 que
265 2839 372 2895 penates
398 2831 516 2882 Obsecro
537 2838 566 2881 et
588 2829 723 2882 obtestor!
757 2830 878 2879 Donatus
889 2838 917 2878 et
928 2830 1078 2879 Priscianus
1089 2830 1127 2878 sic
1142 2829 1283 2888 collocent,

192 2908 323 2959 Bructerus.
757 2907 807 2955 sire
817 2913 841 2956 te
851 2908 902 2956 leuc
911 2908 999 2956 sotum.-
1012 2913 1041 2955 et
1053 2911 1105 2955 stat
1117 2919 1217 2967 sersus,
1226 2905 1247 2952 si
1260 2905 1285 2951 iu

225 2987 343 3036 Dextram
364 3000 416 3050 oro,
440 2989 465 3034 et
489 2985 614 3046 mentm
643 2986 723 3050 mum]
756 2980 1136 3045 teltoeououfiutsyualoeplra:
1156 2979 1209 3028 erit
1219 2979 1286 3027 euim

189 3063 305 3112 lioederis
325 3069 353 3112 et
372 3062 435 3112 fidei
454 3062 558 3126 pignus.
581 3062 651 3111 ‘Per
672 3077 723 3126 ego
757 3060 807 3108 rive
822 3064 856 3121 te,
875 3058 1003 3122 dactylus.
1036 3056 1112 3108 Quod
1130 3057 1287 3119 reroeeqnl·

188 3137 232 3186 lrae
243 3138 382 3200 lacrymas,
399 3138 569 3201 dextramque
586 3145 658 3188 tuam
676 3136 722 3190 te?
758 3134 972 3198 ruruempersem
981 3133 1185 3194 maximininum
1198 3145 1288 3201 recem

189 3211 261 3260 Dido
272 3213 416 3276 virgiliano
427 3225 466 3263 rr.
482 3212 538 3260 lEn.
556 3213 699 3266 Furuobloo.
758 3216 797 3260 tes
809 3210 869 3259 libri
878 3208 1052 3272 babent,secit
1060 3208 1241 3269 mouimum‚.et
1251 3204 1287 3256 it‘n

220 3294 251 3337 55
267 3288 317 3337 Per
340 3289 411 3350 biduo
432 3286 593 3349 solitudinem]
613 3290 722 3354 Legitur
757 3287 836 3335 etium
848 3284 998 3334 Priscianus
1008 3286 1090 3335 citat:
1103 3282 1171 3332 infra
1182 3298 1286 3348 quoque

189 3372 215 3415 et
223 3364 403 3415 solicitudinem.
420 3365 548 3413 Donatus.
757 3363 783 3412 in
802 3362 900 3412 eisdem
918 3364 1067 3412 recentibus
1086 3363 1190 3426 legitur,
1209 3363 1287 3412 omui·

221 3447 253 3492 ⁵6
289 3439 410 3504 Obtestor]
444 3438 579 3489 ulterram
615 3439 721 3507 dicitur,
756 3453 820 3487 mum
829 3437 882 3497 feci
900 3438 1014 3486 Gbreme:
1033 3437 1080 3486 aed
1103 3437 1242 3502 utrobique
1259 3438 1286 3487 iu

190 3519 294 3582 qrroudo
305 3533 364 3568 eum
380 3516 537 3580 adjuramus,
551 3530 627 3580 quem
646 3531 721 3581 roga·
756 3514 882 3578 antiquis,
891 3514 999 3563 murini.
1016 3511 1140 3563 linimus.

188 3610 252 3644 mus.
286 3596 390 3642 Oramus
408 3607 517 3656 pereas
538 3601 720 3657 rer‚propter
788 3594 821 3640 eu
848 3591 985 3654 morigera]
1009 3591 1068 3641 Huc
1088 3590 1160 3656 quasi
1183 3592 1281 3640 emanti

189 3684 389 3735 quosrogamus.
421 3669 555 3732 Virgilius,
568 3670 576 3698 ‘
587 3683 635 3732 per
644 3683 718 3719 ever·
756 3668 820 3717 utile
837 3666 898 3717 fuit.
915 3667 1057 3730 Virgilius:
1074 3667 1155 3717 ‘Fuit
1174 3674 1220 3717 sut
1238 3668 1289 3716 tibi·

189 3761 233 3807 sae,
251 3745 362 3808 genitor,
373 3743 498 3794 tumentia
510 3744 594 3809 'l'rojoe
608 3744 718 3794 Excidio
756 3743 896 3808 quidquam
907 3743 996 3792 Dulce
1005 3742 1107 3792 meum!
1122 3743 1244 3792 Donatus·

190 3819 325 3870 obtestor!
342 3820 417 3869 Idem.
787 3817 925 3880 morigero]
941 3819 1031 3868 ‘AEtas
1057 3826 1191 3883 etcorpns
1212 3827 1285 3868 tene-

223 3898 256 3946 i'e
266 3896 379 3960 obtestor]
395 3895 502 3947 Sextum
513 3895 638 3961 sopitum·
650 3896 718 3946 dixit
755 3910 819 3957 rum,
836 3900 864 3943 et
882 3894 1056 3958 morigeratio.
1092 3895 1158 3944 Haec
1169 3904 1230 3944 suut
1242 3909 1284 3944 re·

190 3972 256 4019 euim
273 3972 337 4034 jam,
357 3972 451 4025 ‘Quod
471 3987 520 4036 ego
540 3979 566 4023 te
586 3986 634 4037 per
649 3973 715 4022 buno
754 3985 822 4020 nouo
841 3969 1010 4020 formosarum
1027 3971 1183 4020 mulierum?
1205 3971 1283 4020 Afro·

188 4046 307 4095 dextrum
321 4046 386 4096 oru.’
402 4048 478 4098 Idem.
754 4047 812 4095 aius
823 4046 850 4094 in
859 4046 984 4109 Vopioco.
997 4045 1140 4095 Farnobium

222 4125 260 4172 Ne
272 4125 312 4173 obs
323 4130 345 4174 te
355 4125 415 4174 huuc
425 4138 544 4186 regreger,
556 4138 601 4172 seu
611 4124 716 4187 dromus]
785 4126 817 4172 60
836 4123 867 4172 Te
875 4123 918 4172 isti
927 4122 1003 4173 einim
1013 4121 1055 4184 du]
1078 4121 1155 4184 Huc,
1174 4128 1202 4170 rrt
1211 4122 1277 4171 dixi-

194 4197 236 4250 lo
256 4201 343 4264 fidem,
368 4219 398 4253 uo
417 4215 534 4264 segreges,
556 4201 660 4251 retulit:
684 4204 716 4250 ud
754 4213 819 4267 mus,
830 4207 857 4250 et
868 4201 968 4264 singula
984 4205 1055 4261 eunt,
1072 4206 1101 4249 et
1121 4213 1172 4248 nou
1191 4200 1289 4263 proruit
