2676 4710
117 271 204 337 1262
469 286 577 333 ποτε
602 283 866 334 ursimannus

119 431 164 479 tia.
183 428 325 480 Famolrius.
683 445 726 475 ror
743 426 928 475 intermixtum.
948 424 1008 474 riam
1027 425 1071 476 uic
1089 420 1205 491 ordo'tst,

152 508 211 555 Inde
220 504 427 563 omniimsignum
437 502 646 567 dub01Tanquam
683 505 750 552 Sane
762 506 803 552 lric
820 504 914 552 nebulo
925 512 973 565 est,
984 517 1019 551 ne
1034 512 1145 552 metuas·
1173 506 1204 553 dr

118 598 169 632 nou
187 582 304 631 omnibus
325 580 380 628 dari
398 581 490 644 possit,
503 581 523 627 si
543 580 647 629 aliunde
683 581 724 629 hic
736 582 785 629 erit
797 580 860 629 ordo
871 587 899 629 et
911 596 1010 640 sensus,
1024 588 1054 630 ut
1066 581 1102 629 sit
1110 580 1206 643 dictum,

118 660 202 708 detur.
215 660 331 706 Donmtu·
685 659 727 708 Ne
736 666 854 708 metuas:
873 660 989 723 conequi
1002 659 1053 706 tibi
1066 659 1107 707 vir
1116 658 1207 708 videtur

153 743 183 786 12
211 737 280 797 ipsus
298 734 343 782 sibi
359 736 422 783 circii
438 735 498 797 ioco]
523 736 564 784 An
585 736 648 784 Loco
684 747 748 797 esse,
759 734 800 782 liic
812 734 906 783 nebulo
917 749 1026 797 magnus
1039 741 1091 783 est.
1119 734 1209 784 Etrus·

118 813 279 877 simpliciter,
298 813 358 875 quia
375 821 433 874 post
450 813 593 876 principia?
615 827 646 861 an
684 815 726 858 te:
757 824 813 857 nam
835 810 983 859 obterretnr
1006 810 1210 872 adolescens‚cl

119 891 192 949 Locm
204 889 229 936 iu
241 889 308 949 loco,
320 896 465 951 opportune
482 897 509 937 et
521 886 647 951 circipene?
684 891 762 932 aetate
775 887 877 947 Militis,
887 886 955 949 quod
970 887 1026 950 jam
1048 887 1088 934 vir
1107 893 1166 935 est:
1189 890 1211 936 el

117 964 255 1013 Terentius
266 964 291 1011 in
302 963 438 1026 Adelphis,
450 964 608 1011 ‘Pecuniam
621 965 646 1011 iu
684 962 870 1024 magnitudine,
885 963 954 1026 quod
968 977 1077 1024 magnus
1090 976 1213 1027 corporet

118 1040 176 1088 loco
198 1040 338 1102 negligere,
360 1038 490 1087 interdum
508 1039 646 1087 maximum
685 1051 743 1099 qum
755 1044 863 1102 utraque
875 1039 900 1086 in
918 1039 963 1088 illo
978 1054 1047 1088 vana
1058 1054 1127 1102 esse,
1139 1052 1212 1089 ruere·

117 1114 285 1166 catinorum!
318 1115 359 1163 An
372 1130 428 1178 pro,
439 1115 553 1163 deloco?
571 1114 647 1164 Idem.
686 1114 738 1160 trix
760 1120 788 1162 ut
809 1122 919 1176 experta
938 1113 1089 1165 denuntiat.
1125 1115 1212 1164 Neislr

116 1220 120 1225 ·
154 1198 184 1242 13
203 1193 270 1241 Idem
280 1194 322 1240 lior
328 1192 382 1250 jam
394 1189 504 1254 Pyrrhus
508 1189 648 1253 factitavit]
685 1196 783 1251 autern,
796 1191 986 1252 velinauis,rel
999 1192 1214 1253 vaunnam-rol·

118 1271 215 1320 irridet
232 1270 335 1333 quidem
353 1268 451 1316 l'oiita:
478 1275 648 1315 veruntamen
685 1265 725 1326 lis,
740 1274 770 1314 ut
786 1274 827 1314 cst
845 1267 1081 1328 nebulasdicitur.
1116 1267 1212 1317 Eros:

118 1346 243 1407 ostendit,
264 1343 375 1393 officium
400 1343 570 1406 Imperatoris
598 1342 648 1390 hoc
685 1338 802 1403 εἰρωνικῶς
811 1342 908 1391 dictum
919 1349 969 1391 est.
998 1342 1145 1403 Meretrix,
1156 1342 1215 1391 furt·

120 1437 188 1484 esse,
206 1436 239 1471 ne
262 1438 289 1471 sc
308 1423 333 1470 in
354 1423 497 1486 periculum
516 1420 647 1484 projiciat.
686 1423 727 1464 tra
749 1423 908 1465 metuentem
932 1417 1078 1479 corripiens
1096 1418 1213 1469 Chreme·

120 1499 163 1547 Sic
182 1499 327 1557 Sallustius,
347 1499 401 1545 ‘Et
423 1497 449 1545 in
472 1497 567 1559 praeliis
588 1504 648 1545 actu
686 1497 749 1553 tem,
760 1491 862 1548 ‘Saum'
875 1493 1067 1556 inquit,‘quod
1085 1493 1136 1542 tibi
1151 1506 1223 1547 nunc.

119 1571 271 1636 promptus-³
304 1574 338 1621 Et
356 1573 403 1620 lroc
424 1580 517 1632 totum,
534 1572 606 1634 quasi
622 1572 649 1620 in
686 1567 726 1615 vir
737 1568 858 1616 videatur
870 1569 945 1617 csse.’
960 1575 988 1616 ct
1001 1568 1090 1631 deest,
1101 1569 1159 1618 Noa
1169 1574 1215 1618 cst:

119 1649 246 1698 Palliatc:
265 1649 312 1696 sed
325 1663 474 1696 concessum
487 1648 578 1696 Poiitis
589 1647 648 1697 fuit.
686 1652 715 1693 ut
725 1645 767 1706 sit,
778 1645 838 1694 Nou
851 1643 970 1708 estquod
984 1644 1030 1694 tibi
1044 1659 1115 1694 nunc
1127 1646 1167 1694 vir
1183 1645 1215 1693 vl·

120 1724 236 1787 Pyrrlrus
246 1732 332 1772 autem
343 1723 515 1786 peritissimus
523 1730 650 1785 stratege·
685 1719 778 1768 deutur
788 1734 859 1770 esse:
885 1720 927 1769 hic
943 1720 1038 1769 nebulo
1051 1735 1161 1785 magnus
1171 1726 1215 1769 est.

118 1806 207 1849 matun
228 1798 293 1847 fuit:
320 1801 466 1862 primusque
483 1799 648 1863 quemadmo·
684 1794 729 1842 Sic
740 1803 767 1843 el
779 1795 849 1857 alibi,
859 1796 901 1844 ‘si
913 1795 938 1843 in
949 1796 1035 1858 platea
1044 1796 1097 1845 hac
1105 1803 1133 1845 te
1141 1795 1216 1846 cmu-

119 1875 180 1924 dum
191 1890 223 1923 ea
238 1874 377 1937 disciplina
388 1889 436 1938 per
446 1876 559 1924 calculos
571 1875 596 1923 in
608 1882 647 1923 ts·
686 1870 748 1918 dero
765 1879 825 1934 post
844 1885 965 1935 unquam,
981 1870 1046 1919 nilril
1066 1871 1129 1934 quid
1147 1872 1215 1920 dicas

118 1950 178 2000 bola
191 1952 337 2000 traderetur
348 1951 471 1999 ostendit.
487 1952 562 1999 Idem.
685 1947 756 2007 mihi,
772 1947 858 1996 Alium
869 1946 1033 2010 quaerebam:
1052 1948 1106 1995 iter
1117 1948 1165 1996 hac
1175 1948 1214 1996 lra-

152 2027 220 2074 ldem
230 2027 273 2074 lmc
283 2027 336 2086 jorn
346 2027 456 2089 Pyrrhus
463 2026 539 2089 som]
559 2023 648 2073 Suavi·
686 2024 745 2073 bui:
763 2024 875 2087 peristi'
910 2024 947 2072 Ut
959 2024 1002 2086 sit,
1020 2023 1080 2073 Non
1093 2031 1134 2073 est
1151 2022 1214 2087 qood

120 2108 201 2153 tatem
223 2103 364 2152 Comoediae
380 2103 465 2166 juvat,
486 2101 555 2166 quod
573 2103 648 2150 horno
686 2100 932 2150 dicasmilri.1dem.

119 2177 201 2240 nihili,
211 2185 239 2227 et
250 2179 343 2227 nebulo
354 2193 471 2241 maguus,
488 2186 517 2228 ut
533 2177 599 2227 inira
611 2178 648 2226 di·
718 2175 781 2226 Sane
791 2180 853 2239 quod
864 2176 908 2225 iiii
918 2191 980 2224 nunc
993 2176 1032 2224 cir
1048 2175 1113 2238 oid]
1130 2177 1214 2225 Dona·

118 2256 197 2317 citur,
209 2256 406 2305 clarissimorum
425 2256 551 2305 hominum
564 2269 649 2304 exem·
687 2260 729 2302 tus
746 2256 836 2316 expiet
851 2251 971 2315 ἔλλειψινι
989 2252 1110 2313 ‘Deest‚’
1126 2252 1216 2317 inquit,

115 2332 225 2396 planitie
241 2332 346 2395 ineptiis
359 2334 498 2395 praetexit:
522 2331 563 2381 hic
582 2331 648 2394 Pyr·
687 2329 754 2377 ‘non
775 2336 824 2388 est,
836 2337 863 2377 ut
883 2330 931 2377 sit:
950 2343 1001 2377 non
1022 2329 1150 2392 estquod
1171 2327 1216 2377 tibi

120 2409 203 2470 ritum,
227 2407 295 2456 inira
317 2408 470 2458 Herculem.
502 2407 571 2455 Tota
592 2407 649 2455 haec
686 2418 754 2452 nunc
767 2405 805 2452 vir
818 2404 936 2453 videatur
945 2404 1022 2465 esse,’
1034 2413 1217 2469 comparatque

120 2502 199 2536 scena
220 2488 310 2548 lepore
332 2493 358 2535 et
381 2484 529 2535 festivitate
551 2485 649 2533 comica
686 2479 796 2527 alterum
811 2479 894 2527 locum
915 2487 967 2528 act.
986 2493 1011 2528 v.
1030 2494 1067 2528 sc.
1085 2485 1111 2531 9.
1127 2484 1235 2547 vest„

120 2562 336 2620 conditur‚sicut
347 2561 374 2608 in
392 2560 545 2623 praefatione
561 2568 648 2610 osten-
687 2568 712 2602 v·
725 2553 803 2610 infra.
814 2561 841 2603 ei
859 2554 1051 2604 Chrenlomalb·
1064 2570 1121 2606 voc.
1133 2555 1216 2607 Quod·

121 2634 215 2682 dimus.
232 2634 362 2681 Boeclerus.
686 2629 822 2693 Scioppius
834 2632 955 2693 supplet:
974 2631 1022 2679 ‘ob
1031 2631 1057 2679 id
1068 2646 1161 2681 nomen
1172 2634 1223 2680 seu'

151 2706 325 2772 Fuscianum]
336 2707 502 2770 Epirotarum
508 2722 648 2771 rex,qnem
685 2707 827 2767 negotium,
836 2706 921 2769 quod.’
933 2709 984 2756 dic.
996 2714 1003 2734 ‘
1013 2706 1047 2755 ab
1058 2722 1089 2756 eo
1099 2709 1139 2755 vel
1147 2722 1178 2755 ex
1187 2720 1217 2757 es

120 2785 267 2848 Antigonus
285 2785 377 2832 ducem
397 2784 520 2847 optimum
538 2798 649 2847 pronun·
685 2783 790 2843 negotio
803 2797 847 2830 scu
860 2783 972 2845 nornine,
984 2783 1071 2847 quod?
1089 2784 1217 2834 Boecierrrn

119 2861 208 2922 sinuit,
218 2858 344 2925 siquidem
360 2861 507 2920 consenuit,
518 2866 649 2923 superstes
718 2861 750 2906 lo
769 2857 950 2920 Quidvidetur]
973 2859 1034 2907 Non
1053 2859 1156 2909 diceret
1174 2861 1218 2908 ml·

121 2937 198 2986 variis
218 2936 302 2986 bellis.
337 2935 450 2985 Annibal
474 2949 534 2984 vero
553 2936 649 2998 primas
685 2934 733 2995 les,
743 2935 764 2981 si
782 2940 862 2984 staret
879 2936 904 2983 ln
923 2937 1072 2985 sententia:
1098 2937 1146 2985 sed
1162 2937 1216 3000 jam

119 3012 268 3062 Alexandro
283 3013 366 3073 dedit,
383 3013 453 3076 quia,
463 3015 513 3061 dic.
546 3012 649 3074 Pyrrho
686 3012 787 3058 videtur
798 3013 889 3059 timore
904 3018 1023 3060 mutatus.
1042 3013 1163 3062 Donatus.

120 3090 257 3147 secundas,
268 3090 329 3153 quia
343 3096 429 3138 castra
447 3088 539 3139 metari
551 3090 649 3152 primus
721 3086 786 3142 Quid
798 3086 903 3148 ridetur]
919 3088 1067 3135 Dubitandi
1087 3097 1129 3137 cst
1148 3087 1215 3152 qrrod

120 3165 258 3225 domuisset,
269 3172 482 3228 stratagematum
499 3167 525 3214 in
541 3165 649 3213 urbibus
686 3162 785 3210 dictum
803 3163 847 3222 sit,
860 3162 925 3216 Quid
941 3163 1054 3210 uidetur?
1083 3164 1141 3227 Ego
1157 3176 1217 3213 sane

119 3238 251 3301 capiendis
262 3245 290 3287 st
307 3239 432 3301 praesidiis
444 3239 568 3302 ponendis
579 3247 650 3289 esset
686 3237 734 3286 hoc
743 3238 855 3285 Militem
865 3246 928 3300 puto
936 3238 1034 3297 dicere,
1042 3253 1120 3302 qrrem
1133 3241 1220 3305 paula·

121 3313 301 3378 peritissimus,
312 3320 393 3362 artem
406 3315 560 3363 conciliandi
571 3315 648 3362 homi·
675 3312 733 3378 ¹tim
745 3327 760 3359 a
771 3312 890 3360 violentis
906 3319 983 3375 atque
1002 3313 1107 3362 acribus
1125 3316 1218 3378 princi·

119 3406 165 3440 nes
186 3389 284 3454 optime
307 3388 446 3439 calluissct.
470 3389 520 3438 sibi
539 3389 649 3453 denique
687 3389 737 3450 piis
750 3388 782 3436 ad
795 3396 922 3437 terrorem
934 3388 1111 3453 desidiamque
1123 3392 1217 3453 perdo·

121 3466 221 3528 tertias,
240 3469 290 3516 dre.
310 3466 367 3515 Lir.
384 3464 442 3514 dec.
454 3478 494 3514 rv.
506 3465 524 3512 l.
536 3479 563 3514 v.
586 3466 649 3515 For:
686 3463 723 3512 cit
735 3463 821 3513 timor.
839 3465 905 3513 Nam
917 3464 997 3526 primo
1011 3464 1067 3528 ipsc
1080 3467 1217 3530 praeccdit‚

118 3542 209 3592 mum,
687 3545 780 3602 utpute
801 3540 845 3604 qui
871 3539 951 3602 dicat,
972 3539 1113 3602 Sequimini.
1148 3544 1216 3591 Dum

153 3623 183 3668 15
201 3618 323 3667 Nimirum
339 3616 461 3665 consilium
479 3616 541 3666 illud
558 3620 649 3666 rectum
687 3613 799 3678 denique
816 3616 922 3679 propius
941 3615 1081 3664 deventum
1099 3627 1150 3677 est,
1163 3622 1216 3683 part

119 3694 166 3757 ert]
182 3693 246 3743 Illud
260 3699 350 3742 rectum
363 3698 408 3749 esi,
421 3700 448 3742 et
463 3707 530 3742 nova
541 3693 648 3756 locutio,
683 3692 804 3755 principio
832 3691 914 3741 refert
942 3692 1043 3755 pedem.
1078 3693 1145 3743 Post
1161 3695 1216 3758 jam

120 3777 148 3819 et
159 3770 285 3834 superiori
303 3769 402 3832 similis,
414 3769 422 3796 ‘
436 3769 562 3818 Nimirum
574 3770 649 3820 dabit
686 3768 748 3815 nihil
761 3771 816 3831 ipse
828 3769 917 3830 audet,
929 3767 973 3816 sed
983 3768 1076 3832 quaerit
1084 3769 1217 3819 consilium

121 3848 258 3898 haecThais
270 3850 330 3898 milri
341 3864 461 3913 magnum
470 3849 564 3898 malurn
573 3848 588 3896 ι’
600 3864 648 3914 pro
686 3845 808 3894 Parasiti.
840 3845 971 3909 Denique,
987 3844 1030 3892 ubi
1047 3846 1163 3894 cominus
1176 3858 1217 3894 res

120 3924 173 3972 sine
185 3924 264 3978 dubio
275 3932 375 3975 rectum
387 3933 437 3975 est.
454 3927 572 3976 Donatus.
687 3922 802 3983 gerenda
816 3931 866 3984 est,
877 3920 943 3969 dixit
956 3922 1039 3979 Mane,
1054 3927 1082 3969 et
1099 3922 1215 3971 continet

153 4003 184 4047 lo
201 4000 265 4050 Sane
279 4005 339 4065 quod
355 4003 471 4052 tiiinunc
484 4003 523 4050 cir
539 4002 649 4051 uidentur
687 3998 822 4047 irruentes.
855 3999 897 4047 Ad
925 4005 1084 4061 postremum
1111 3996 1217 4059 diffisus,

120 4086 178 4133 csse,
188 4073 226 4122 liic
239 4077 329 4127 Nebuio
337 4093 437 4139 magnus
447 4084 495 4128 est:
508 4093 537 4127 nc
546 4078 648 4140 metuas]
687 4076 772 4124 nescit
784 4073 845 4138 quid
858 4080 933 4136 ngat:
947 4074 978 4122 ad
989 4074 1131 4136 parasitum
1143 4087 1216 4137 spec·

121 4151 245 4212 Fignratn
253 4155 361 4219 locutio,
370 4162 397 4206 et
407 4165 537 4219 praeterea
547 4154 648 4219 dripfla·
687 4158 754 4211 tans,
768 4152 833 4206 Quid
843 4151 947 4213 agimus,
957 4150 1057 4214 inquit?
1074 4149 1150 4199 Idem.
