2676 4710
203 328 290 395 1282
555 345 661 392 nore
685 343 884 392 tauronto
910 344 949 392 ιιι

205 486 653 541 neiabsnsssdeontrsdieendn.
661 486 737 535 αήι·
774 486 871 543 troiat,
882 487 1063 534 absterretur:
1081 490 1112 533 ut
1124 484 1229 533 seilicet
1243 487 1293 544 teni,

203 569 272 611 teret
282 562 359 611 iidem
371 563 496 623 snpphers
509 574 636 622 persona,
647 576 678 608 ae
690 575 734 608 ve
772 564 805 611 sd
819 563 1136 625 promovendumexitnm
1147 560 1291 609 (abdente
1335 577 1336 609 ι

204 639 372 687 radicantis.
391 639 446 684 vuit
466 638 534 684 eninr
555 637 635 697 magis
651 636 734 683 nuntii
773 639 805 686 sd
818 640 968 687 solvendum
988 640 1084 687 erroris
1101 637 1203 685 nodam
1213 637 1292 684 addre-
1335 654 1336 684 ι

204 712 381 776 officiofungi,
393 728 470 778 qnam
482 713 672 775 persuadentis.
685 713 734 760 Ds-
772 722 810 772 to,
821 730 879 763 snos
891 724 974 763 metas
985 722 1014 763 et
1031 714 1097 762 falsa
1109 715 1291 776 etampes
1334 729 1336 774 ι

203 794 283 838 arton
772 792 830 838 cuis
842 791 976 839 indicaret.
994 791 1129 839 Boeoierss.

238 863 336 925 nach]
353 863 507 912 Tollendum
526 871 567 912 est
587 863 680 911 iterum
700 878 734 911 ex
804 872 835 914 25
855 867 947 920 Quidae
970 865 1093 928 ιιιιρίιι]
1121 867 1235 916 Faciant
1251 880 1290 914 ae
1335 881 1336 911 ι

200 939 370 988 'annotatione
390 940 489 988 Donati
507 940 616 988 vitium:
634 940 734 989 ‘Quam
772 942 880 1003 diocria,
892 944 1164 1007 Ixipinuingeutia.
1178 945 1281 993 Dsadas
1335 957 1336 964 ¹

204 1024 290 1063 utute
308 1015 392 1075 disit,’
413 1019 463 1065 dcc.
496 1016 561 1065 Quis
584 1029 636 1062 non
653 1015 736 1073 videt,
803 1019 1105 1068 Ειιιαιιιιίόιοητι
1123 1022 1289 1068 rodente-ss·
1335 1034 1336 1037 ¹

202 1090 338 1147 legendnm
375 1106 447 1139 esse:
480 1091 595 1151 simplicis
619 1106 734 1152 pmsosae,
770 1094 834 1156 sess]
851 1094 969 1154 choragii
987 1102 1028 1144 est
1051 1095 1253 1156 administratio,
1269 1102 1289 1142 st

202 1182 264 1228 non,
273 1168 400 1230 supplicis?
411 1182 470 1215 cnm
480 1167 549 1215 enim
560 1166 621 1214 doio
631 1181 734 1215 omne·
771 1176 918 1230 opportune
930 1170 955 1217 iu
968 1171 1148 1231 proscenium.
1167 1170 1239 1218 iden.

202 1242 269 1293 hano
297 1258 400 1292 sermm
426 1242 592 1291 instruxisset
616 1241 733 1304 Pythias,
803 1248 836 1292 26
854 1245 943 1293 Dicant
960 1246 1025 1305 iaie,
1044 1261 1077 1293 aa
1096 1245 1159 1308 nost]
1176 1246 1235 1294 Hoc
1250 1259 1289 1292 nou

202 1322 341 1370 eandorem
364 1328 392 1369 et
413 1318 607 1381 simplicitatem
634 1332 733 1367 morum
771 1328 843 1368 esset
878 1322 1027 1380 verisimile,
1061 1321 1112 1369 nisi
1149 1320 1289 1375 dubitasset

204 1398 290 1448 verbis
303 1398 426 1461 vultuque
438 1393 555 1458 praefert.
572 1395 701 1443 Boeeieras.
770 1397 840 1448 Quid
852 1400 921 1446 enim
933 1398 965 1446 sd
975 1399 1111 1447 Chaeream
1124 1397 1289 1461 pertinendu-

234 1479 267 1524 20
284 1469 516 1534 Dioo,eds'coooiis]
532 1470 641 1530 Αὗξησις,
654 1479 682 1518 ιιι
691 1486 733 1519 sn·
770 1473 846 1524 bitat.
864 1475 940 1523 Iden.
1164 1508 1168 1513 .

202 1549 474 1616 prs,‘Uhiqnaeraru‚
491 1548 536 1598 ubi
554 1546 732 1610 investigem?
802 1552 834 1596 27
852 1550 908 1597 Scio
928 1556 1053 1612 mars:
1079 1550 1123 1598 sed
1144 1564 1236 1598 messe
1254 1548 1290 1610 ut]

203 1630 324 1679 Donatus.
771 1626 836 1676 Haec
848 1628 1070 1676 caussdubitandi
1081 1626 1289 1691 initzquodi'ue

234 1703 309 1765 Dico]
324 1702 391 1758 Tibi,
400 1701 516 1763 Pythias.
535 1702 611 1749 ideas.
770 1702 949 1763 Parmenonis,
964 1704 1034 1751 iliinc
1047 1704 1224 1752 adolescentis
1235 1703 1290 1766 peri·

234 1779 323 1842 Edico]
340 1778 466 1829 Omnibus
477 1777 538 1826 tuis.
554 1778 623 1839 Ergo
633 1776 666 1824 sd
678 1775 733 1824 ani·
770 1779 854 1827 nutum
866 1780 992 1829 cernitur.
1010 1781 1088 1829 idat.

203 1872 291 1906 versos
308 1865 446 1920 utrumque
462 1852 621 1916 scissiones
632 1854 694 1902 Dico
705 1858 734 1902 et
801 1855 952 1904 Sedsecm
962 1857 1009 1919 est]
1026 1855 1128 1914 Dicere,
1146 1853 1290 1904 subandien-

199 1935 275 1983 edico.
293 1933 377 1980 Idem.
769 1927 830 1979 dum
841 1937 897 1979 est:
911 1938 940 1980 ut
950 1932 996 1990 sit,
1008 1931 1291 1990 Μνεαιιιιιᾶυι,

233 2014 264 2057 et
281 2009 384 2058 Obsecro
394 2023 426 2056 os
436 2007 459 2055 is
468 2006 515 2068 est]
528 2005 690 2054 Insultantis.
703 2012 732 2055 ut
769 2012 797 2053 et
808 2005 939 2056 mntem
950 2005 1116 2055 inserendum
1127 2015 1171 2056 est
1185 2004 1291 2070 ostro
1309 2063 1313 2068 ¹

201 2085 228 2134 in
244 2084 410 2144 Phormione,
428 2080 656 2131 ‘Hiccineerasi'
672 2096 731 2130 uam
768 2088 865 2149 quitur.
906 2088 992 2136 Deest
1014 2086 1083 2134 enim
1101 2090 1242 2148 meres,
1258 2084 1291 2135 vei

167 2219 173 2225 ,
190 2160 300 2210 'sciebat
311 2175 369 2209 eum
382 2174 445 2208 esse.
462 2159 538 2208 Idem.
768 2163 831 2225 quid
843 2164 902 2212 tale.
920 2164 995 2211 Idem.
1150 2190 1155 2200 ι

237 2236 338 2285 Obsecro
351 2251 383 2284 as
393 2236 415 2284 is
425 2236 472 2299 est]
493 2237 552 2284 Non
563 2234 630 2283 bene
642 2235 731 2282 Dona·
801 2239 882 2301 Sapis]
898 2240 969 2302 Sapis
979 2237 1053 2299 dicit,
1069 2251 1122 2285 non
1135 2237 1226 2286 videns
1236 2234 1290 2299 qnid

202 2313 416 2375 tuseomparavit
432 2313 501 2360 hune
519 2314 604 2360 iocum
621 2325 680 2358 oum
699 2309 732 2358 si·
768 2313 884 2363 futurum
906 2315 956 2363 sit:
982 2312 1030 2362 sed
1051 2318 1158 2361 tantum
1179 2312 1291 2361 derisisse

200 2389 282 2453 povstp
293 2390 465 2450 Phormionis,
484 2403 511 2437 v.
522 2393 547 2438 7.
558 2393 600 2436 tt.
616 2388 651 2435 ibi
663 2388 730 2436 enim
768 2397 900 2438 contenta.
917 2391 991 2438 idest.

200 2481 263 2515 vera
281 2467 415 2514 insultatio
433 2473 500 2524 erat,
518 2479 567 2513 nee
582 2465 638 2512 sine
656 2470 730 2526 petu-
800 2465 889 2512 Sonus
902 2478 942 2512 vr.
965 2463 1065 2512 senarii
1082 2468 1155 2512 sunt.
1170 2462 1292 2512 veihis.

199 2540 264 2589 ianti
283 2541 376 2588 cavillo
393 2548 422 2588 et
436 2539 563 2588 illusione.
582 2539 624 2586 hic
641 2545 729 2588 utitem
767 2553 849 2587 unns:
867 2545 922 2587 aste
936 2540 1034 2587 Thaidis
1048 2540 1146 2589 ostitom.
1162 2538 1231 2587 dno:
1243 2543 1291 2587 sats

200 2615 399 2678 Pythias,vuitu
411 2616 532 2669 attonito,
544 2615 569 2662 in
581 2614 729 2664 admiratio·
766 2615 853 2662 ostium
866 2615 972 2662 Thaidis.
990 2628 1027 2661 vs.
1038 2618 1063 2661 6.
1082 2612 1291 2665 duosadoert'sss.
1334 2603 1336 2611 ’

200 2705 258 2740 nem
274 2704 302 2738 se
319 2689 502 2738 miserabunda
512 2691 652 2752 componit.
671 2706 728 2753 qnae
768 2704 805 2738 vs.
817 2694 840 2739 8.
858 2705 960 2738 omnes:
978 2690 1034 2752 qaid
1045 2693 1098 2738 estt
1112 2688 1293 2750 quidtrepidas!

199 2765 333 2816 restruite
350 2765 452 2828 quidem
469 2765 520 2813 vim
534 2765 672 2813 insultandi
686 2767 728 2815 ha·
766 2764 878 2827 Argent.
894 2771 922 2813 to
939 2765 1090 2828 interponit.
1108 2778 1146 2811 vs.
1158 2767 1184 2812 9.
1195 2777 1292 2812 omnes:

199 2839 263 2893 bere
275 2846 372 2903 potest,
386 2854 436 2888 non
453 2839 546 2901 palam.
558 2839 584 2887 id
595 2840 662 2888 enim
675 2842 727 2903 agi·
765 2840 792 2888 id
802 2844 863 2903 quod
881 2856 918 2891 res
937 2847 982 2890 est.
1001 2856 1038 2889 rs.
1051 2844 1090 2888 ll.
1103 2854 1187 2889 uuus:
1204 2839 1293 2902 psidid

179 2926 256 2978 ,tur3
273 2931 306 2965 ne
318 2915 436 2964 insultari
453 2915 582 2963 videatur.
598 2916 728 2965 Boecierus.
766 2920 819 2964 est?
835 2931 872 2964 vs.
888 2921 928 2965 21.
947 2916 1016 2964 dno:
1039 2916 1071 2962 ad
1094 2915 1211 2964 Thaidem
1231 2915 1292 2964 iaso.

232 2994 272 3042 Ne
293 2991 411 3055 quomis
427 2991 493 3039 ι’ῑὶιιηι
512 2990 586 3039 Thais
606 2992 653 3039 vim
667 2993 728 3056 fieri
766 3004 804 3040 vs.
817 2996 858 3040 at.
870 3007 976 3039 omnes:
993 2993 1015 3038 is
1031 3005 1079 3053 pro
1093 2990 1134 3039 iis.
1153 2990 1292 3040 Boeelerus.

197 3068 273 3130 sinat]
290 3071 373 3120 Quam
387 3068 452 3118 bene
470 3068 589 3132 providet
603 3069 726 3133 Pythias}
798 3067 973 3127 Annotaodum,
985 3069 1045 3130 qood
1055 3064 1126 3125 hsn‘ss
1133 3065 1208 3116 Staio
1217 3081 1293 3128 soma

199 3145 316 3194 Donatus.
681 3177 683 3182 ·
764 3143 1294 3204 opud'l'erentinmnmest:apsdb1enau·

232 3221 271 3269 Ne
291 3235 359 3284 quom
376 3220 402 3268 in
423 3220 489 3269 itum
512 3220 652 3268 Thriasius
665 3218 726 3284 fim'
764 3216 840 3264 drum
850 3216 1040 3266 Simondioitar.
1056 3218 1190 3267 Donatus.
1247 3254 1249 3259 .

197 3297 272 3359 duat]
301 3296 367 3344 Haeo
385 3297 504 3346 Donatus
521 3296 657 3358 Pythiadi,
674 3311 726 3345 non
797 3293 916 3342 Lachetis
936 3308 1029 3342 nomen
1049 3294 1225 3344 Grammatioi
1250 3309 1291 3358 sp·

198 3371 364 3432 Parmenoni,
393 3371 494 3432 tribuit,
521 3385 579 3419 cum
601 3379 724 3421 annotat:
764 3377 922 3431 posueruut:
945 3370 1086 3418 Terentius
1106 3376 1208 3419 tantum
1228 3369 1292 3418 Senis

197 3448 299 3499 ‘Quam
312 3445 396 3503 beue,’
407 3449 457 3494 dre.
468 3460 517 3494 nec
529 3445 595 3494 maie
606 3447 726 3509 congruit
764 3453 944 3509 usurpaverat,
958 3445 1026 3509 qnod
1038 3447 1161 3495 Donatus
1178 3453 1289 3495 annotat.

196 3522 229 3572 sd
241 3522 427 3571 simulationem
439 3521 505 3584 ejus.
522 3522 652 3571 Boeelerus.
763 3521 838 3571 Idem
858 3523 902 3586 qni
921 3538 1040 3572 securum
1054 3523 1143 3586 hujus*
1154 3523 1232 3573 senis.
1243 3524 1291 3572 sui·

229 3603 262 3648 tt
278 3599 357 3663 Atque
366 3601 424 3647 adeo
435 3603 514 3646 notem
524 3612 566 3646 sur
576 3613 622 3646 nos
635 3607 726 3661 egomet
762 3612 842 3661 utum,
854 3599 1043 3662 perturbationi
1052 3599 1179 3661 augenda
1187 3598 1291 3661 facturn,

194 3677 259 3725 intro
279 3673 325 3725 eoi
363 3674 416 3724 Pu.
439 3673 502 3734 ride,
520 3674 647 3736 Parmeno,
669 3677 726 3738 quid
763 3672 830 3724 bene
842 3674 973 3724 observat.
989 3676 1122 3725 Boeclertrs.
1222 3710 1249 3729 2

194 3766 384 3816 sponsamque
394 3751 432 3799 tui
448 3752 531 3814 prosis,
549 3755 573 3799 et
590 3756 616 3799 tu
631 3752 724 3816 pereas]
797 3753 871 3800 liin
887 3767 937 3800 meo
954 3752 1083 3814 propinquo
1099 3752 1289 3816 sortitaecopio

194 3829 288 3879 Totum
307 3829 355 3878 hoo
374 3827 408 3877 ad
425 3827 450 3876 id
470 3826 579 3890 addidit,
596 3833 627 3876 ut
644 3843 724 3878 senex
761 3827 886 3889 commodi]
897 3828 1027 3876 Firmatur
1038 3829 1133 3876 mentis
1145 3835 1231 3881 status
1243 3837 1289 3878 tre-

143 3895 145 3899 ’
193 3905 380 3956 intromittatur
399 3905 431 3954 ud
451 3903 638 3954 confirmandas
658 3920 723 3968 unp·
762 3902 874 3965 pidautis
896 3904 979 3964 Senis,
1002 3911 1031 3953 ut
1053 3912 1194 3969 appareat,
1215 3920 1288 3970 qoam

194 3982 261 4030 tias:
279 3982 324 4030 sed
343 3980 428 4032 Poeta
446 3980 496 4032 hoo
520 3981 584 4045 agit,
605 3995 722 4045 personae
761 3979 896 4041 inopinato
916 3981 983 4027 maio
1005 3994 1093 4029 amens
1113 3977 1175 4030 fieri
1194 3981 1288 4044 possit:

194 4058 321 4107 nesciunt.
339 4059 457 4107 Donatus.
761 4055 828 4119 qnod
849 4055 931 4117 ipsum
954 4056 1071 4117 superius
1091 4063 1119 4105 et
1138 4055 1167 4105 in
1185 4057 1288 4106 Parme·

230 4129 288 4178 Vide
300 4133 426 4193 Parmeno,
443 4133 500 4196 quid
515 4132 586 4195 agas]
603 4133 721 4193 oixovous·
759 4145 827 4181 none
838 4138 967 4180 servatum
979 4139 1027 4180 est.
1059 4131 1202 4195 Impuratis
1216 4132 1288 4187 ,enim

193 4205 238 4252 sos
260 4204 392 4257 detinetur
414 4209 553 4270 Parmeno,
574 4215 603 4258 et
627 4223 661 4259 ue
683 4209 721 4257 iu·
759 4207 890 4257 mentibus
909 4207 976 4258 mals
996 4208 1095 4273 majora
1116 4214 1186 4277 suut.
1220 4210 1287 4275 Ergo
