2676 4710
119 287 205 354 1180
468 306 576 356 unm
601 307 798 358 vsutonutr
822 304 863 358 ἰιι

118 447 223 498 bsutur.
240 447 315 498 simul
334 446 429 498 srebst
445 449 566 501 Pluedris
585 467 644 514 eog-
685 452 841 502 liesu'taiuurr
853 451 893 515 iis,
909 450 1003 515 quibus
1015 464 1066 498 uos
1082 444 1205 499 ruamus!

119 536 236 585 noscere,
254 524 275 571 si
286 521 355 570 sorte
366 523 464 571 aoisnus
477 526 563 575 rivalis
576 528 643 576 suis
683 531 813 578 Reddiruar
832 531 873 588 iis,
890 530 933 592 qui
949 543 997 577 nos
1008 529 1113 576 volunt.
1146 529 1205 591 Ergo

119 598 215 647 'l'lraide
231 598 264 646 ad
279 599 352 646 aliem
372 601 510 649 translatos
526 617 645 651 noscere·
683 607 839 655 restituimus
860 607 998 665 volentem,
1014 605 1151 654 reddimus
1170 618 1205 652 re

119 682 170 722 tur.
206 674 347 738 Responsio
364 682 448 723 sutem
464 676 568 725 Thaidis
585 693 645 725 auc·
683 682 803 731 lentibus.
836 683 887 731 Sed
908 683 933 730 iu
949 683 1203 745 liseutrnnrqnesst.

120 758 245 798 turserat
256 752 425 814 strapicionem
439 753 576 816 Phedriar,
585 770 646 819 qus·
684 759 803 807 Donatus.

119 828 139 874 si
151 840 181 873 es
193 841 278 876 amore
298 829 384 877 militis
402 831 563 891 potissimum
575 839 645 881 teus·
715 833 847 882 Solimus:
864 832 935 882 liabeo
953 833 992 880 lte
1009 831 1205 894 reminem180la

119 908 201 961 retur,
219 911 247 951 et
266 903 428 953 emulatione
445 906 577 955 stimulata
593 920 645 955 rne-
681 923 742 967 sem,
758 909 789 957 sd
806 908 966 957 familiarium
986 906 1106 955 refertur
1123 906 1205 954 absen-

121 983 217 1037 meret,
234 991 267 1026 ne
278 978 300 1026 is
312 980 361 1027 slio
372 994 482 1028 amorem
499 996 571 1030 suum
585 997 646 1031 eon·
683 984 754 1031 tiam.
790 981 1207 1043 nominenominee*

120 1052 211 1102 ferret.
236 1055 261 1103 id
284 1054 352 1119 quod
372 1064 432 1104 ante
451 1065 645 1119 pernegaverat.
684 1072 739 1107 rum
763 1059 911 1107 amicitiam.
952 1057 1048 1105 Potest
1068 1056 1141 1105 enias
1160 1055 1207 1104 sels

120 1130 186 1178 unde
210 1138 300 1195 postea
319 1133 447 1182 Phaedriae
466 1135 569 1182 occasio
587 1133 647 1197 snit,
683 1134 751 1182 domi
773 1148 839 1193 esse,
867 1133 963 1181 hebere
992 1139 1083 1180 tamen
1107 1131 1206 1195 aliqsera

120 1221 176 1254 esm
198 1207 331 1271 arguendi,
347 1213 375 1256 et
392 1222 424 1256 ex
442 1210 509 1256 omni
529 1209 645 1257 emtione
683 1207 754 1257 ioris.
787 1210 821 1257 Et
832 1208 903 1256 loire
915 1206 1091 1266 hieremiam,
1108 1206 1208 1268 plesse·

120 1282 176 1344 ejus
203 1284 251 1333 hoe
272 1282 435 1346 conficiendi,
457 1285 465 1310 4
484 1285 543 1346 plus
566 1285 646 1333 nmsri
684 1288 738 1343 ost,
753 1296 841 1346 quam,
859 1282 984 1330 Neminem
1000 1281 1040 1329 irie
1054 1282 1139 1329 Mes.
1169 1281 1207 1340 Et,

121 1357 226 1407 militem
237 1372 313 1421 qtrsnr
325 1358 370 1408 se!
386 1374 425 1408 vs.
433 1362 474 1407 ts.
486 1361 535 1408 &n
546 1359 647 1409 Boeclsr.
683 1357 740 1407 Sola
749 1373 809 1419 sem,
828 1358 860 1405 ab
871 1358 903 1405 iis
914 1371 975 1420 quor
988 1363 1085 1405 natura
1095 1356 1209 1406 esseittrt

152 1440 183 1484 ot
197 1437 646 1499 Niiril:rro·sqsoesioirrrorcrgomru,
684 1450 732 1499 per
749 1450 784 1482 se.
820 1435 902 1483 Hebes
920 1435 1044 1490 remisero
1063 1449 1154 1484 eorum
1167 1428 1208 1500 usi

120 1511 154 1559 sti
165 1512 288 1574 Phemio]
300 1512 407 1577 Optime
416 1514 537 1576 purgerit
551 1514 647 1561 Teren·
685 1512 818 1558 voluntate
825 1511 978 1574 junguntur.
997 1511 1077 1560 lieris.

122 1588 182 1648 tior,
205 1589 273 1653 quorl
300 1603 360 1637 mox
380 1589 528 1637 liberalibus
550 1588 648 1651 nuptiis
715 1587 749 1632 68
766 1585 969 1648 Νιᾳιιειιιιιὶιιιιιι]
984 1585 1059 1634 Beue
1078 1586 1130 1635 ltoe
1147 1584 1210 1650 spui
1230 1638 1233 1643 ,

121 1662 207 1713 iuerat
225 1663 382 1720 obfuturum,
400 1666 420 1712 si
441 1665 647 1727 sitistamvirgi·
683 1668 840 1710 amatorem:
869 1661 928 1725 quia
955 1668 995 1710 est
1024 1662 1097 1709 alitsrl
1119 1667 1211 1725 metor,

121 1754 179 1789 uem
190 1741 296 1789 duceret
307 1742 424 1790 cuaeres.
441 1741 595 1790 Necessario
607 1755 647 1790 er·
684 1735 753 1784 aliud
766 1737 862 1786 emim.
883 1738 1044 1800 smumqu
1056 1737 1090 1784 etl
1103 1743 1210 1801 tempori

122 1821 155 1878 go
166 1816 325 1876 defenditur,
339 1823 460 1881 tauqusm
472 1831 529 1880 quie
541 1817 647 1865 ltoueste
683 1814 789 1875 Amisus,
802 1816 844 1879 qui
856 1823 982 1878 perpetuo
993 1823 1074 1865 emet.
1105 1817 1147 1866 Αιι
1158 1818 1211 1881 quia

121 1898 291 1954 nupturuest.
311 1892 431 1940 Donatus.
684 1887 710 1936 lu
735 1891 816 1951 patris
848 1897 976 1952 potestate
1006 1899 1049 1940 est
1077 1882 1211 1942 Phaedrisi

153 1970 217 2016 Nam
239 1969 344 2031 quesivi,
372 1968 425 2030 iro]
451 1969 558 2032 Optime
580 1970 649 2019 eavit
686 1964 759 2011 Idem·

121 2043 200 2105 po'ets
218 2051 248 2092 ut
266 2044 340 2106 virgo
358 2044 457 2106 integra
470 2054 496 2093 et
508 2051 581 2094 cesta
597 2060 648 2094 ser·
719 2042 883 2103 Quamobrem,
907 2043 1033 2108 Phoedt'ie]
1050 2045 1081 2094 Ιιι
1098 2050 1210 2096 moesta*

120 2123 234 2178 voretur,
266 2130 342 2180 qrrsm
374 2117 521 2167 liberalibus
550 2121 649 2181 nuptiis
685 2131 731 2164 rus
742 2119 873 2180 interponi
885 2132 978 2167 nomen
996 2119 1061 2169 lieet
1079 2121 1211 2211 assilientis.¹

121 2193 763 2244 destinaret.Fnraoliss.1derr.

152 2275 184 2320 65
202 2271 289 2319 Mulier
306 2277 361 2320 strui
380 2270 467 2333 cnusoe]
485 2271 543 2321 Non
564 2269 649 2320 indiii·
718 2270 750 2314 09
768 2268 843 2329 Cupio
854 2269 1211 2330 sliquosperersssrtcostsu·

121 2354 214 2411 genter
232 2347 460 2397 considersrerunt
480 2348 545 2395 hene
566 2361 648 2396 mete·
678 2340 738 2405 ficio
759 2342 821 2404 meo]
844 2343 896 2392 Hie
919 2345 1035 2393 ostendit
1054 2348 1212 2409 specimine·

121 2423 195 2472 tricis
222 2424 371 2483 orationem,
396 2418 439 2487 qui
467 2422 537 2471 illam
567 2422 649 2470 instar
686 2417 829 2480 cuiusmodi
849 2419 945 2466 amieos
958 2428 1070 2483 qrtoerst,
1088 2436 1123 2472 ne
1143 2424 1213 2473 Pise-

120 2500 303 2548 eoutroversiae
325 2498 480 2547 retulerunt.
524 2499 593 2546 Nam
621 2503 650 2546 et
685 2493 766 2541 oriem
780 2501 946 2543 contemnere
962 2494 1091 2545 rideatur.
1110 2499 1185 2549 Iners.

121 2574 276 2635 principium
300 2580 350 2634 est,
372 2572 438 2620 ‘Me
456 2570 586 2631 miseram,
604 2585 650 2619 re·
717 2569 811 2616 Portare
832 2571 919 2619 mesos
936 2570 1047 2634 ussine
1066 2575 1133 2637 stes]
1149 2576 1212 2628 Qus

121 2663 179 2697 reor
197 2660 231 2696 tre
250 2647 314 2696 illud
334 2648 437 2711 gravius
449 2647 571 2694 Pitaedrle
582 2647 649 2695 tule—
686 2651 817 2706 parentur,
829 2652 857 2693 et
868 2657 923 2708 sno,
939 2644 985 2694 sed
1000 2648 1085 2697 miuus
1095 2649 1212 2714 diligunt.

121 2724 174 2772 rit!
207 2724 242 2772 Et
261 2724 384 2782 uerrutis,
401 2722 508 2771 Sarnis
525 2723 649 2771 milrima·
686 2718 762 2768 Idem.
1211 2733 1218 2741 .,

120 2807 163 2847 ter
182 2795 247 2846 init!
280 2796 314 2845 Et
326 2797 434 2860 pertuso
444 2810 503 2845 eum
514 2796 649 2846 confirmo
716 2797 748 2841 70
766 2795 806 2854 ut,
817 2793 916 2842 omnio!
931 2795 1070 2860 effulsere,
1080 2814 1128 2862 quo
1138 2802 1165 2850 ιιι
1167 2802 1212 2868 ,Μ

121 2875 199 2924 tione.
218 2881 255 2936 ut,
270 2873 279 2901 4
293 2873 369 2922 Nunc
382 2887 432 2935 ego
443 2885 510 2931 esto,
522 2871 556 2920 mi
573 2872 648 2920 Pne-
677 2868 789 2931 sucilitrs]
806 2868 935 2933 nepisinos.
953 2871 990 2919 bis
1006 2873 1031 2920 id
1052 2875 1151 2937 posuit.
1167 2878 1214 2927 ns·

121 2951 186 3012 dria,
205 2951 293 2998 multas
309 2955 368 2997 sunt
379 2963 464 2997 ceusu
481 2947 647 3012 quamobrem
683 2947 764 2992 sose.

120 3027 198 3090 cupio
210 3025 355 3076 abducere:
374 3023 564 3087 primumquod
577 3036 649 3072 soror
716 3021 807 3082 Adisto
824 3022 873 3085 rus]
889 3023 958 3072 stus
974 3025 1086 3075 rosetis.
1105 3041 1213 3094 prope.

120 3110 159 3150 est
181 3101 270 3162 uicta:
292 3108 320 3149 et
341 3108 438 3149 cetera.
472 3100 648 3161 Reprehensio
685 3098 1105 3161 tereeaelndi,oiiy’atorre,tlixit.
1122 3105 1199 3156 Idas.

121 3189 232 3241 quoque,
266 3172 386 3238 ‘Egone
417 3175 443 3224 id
476 3175 578 3225 timeoi'
609 3184 648 3237 et,
716 3179 747 3224 71
766 3175 824 3223 Siue
843 3175 922 3236 iilsrst]
946 3177 1047 3225 Blande
1069 3180 1123 3230 sisse
1140 3183 1214 3244 77η

120 3254 232 3313 ‘Egone
243 3264 294 3299 non
304 3264 337 3297 ex
355 3251 441 3300 suimo
460 3251 552 3300 misem
562 3251 648 3301 rlicoi’
685 3257 806 3313 tanquam
826 3251 853 3299 in
871 3265 948 3300 mano
968 3252 1022 3314 ejus
1040 3253 1077 3303 sit
1094 3255 1213 3319 lajariafl

121 3329 155 3378 Et
166 3325 298 3376 conclusio
310 3339 357 3387 per
368 3328 595 3390 conquestionem:
609 3335 648 3388 ut,
685 3340 734 3373 non
755 3326 820 3387 pati,
835 3332 864 3375 et
881 3327 982 3375 excludi
999 3327 1118 3379 militent.
1156 3333 1213 3382 Nee

62 3413 66 3417 ’
120 3405 225 3456 ‘Quam
241 3403 303 3466 joco
321 3414 376 3450 rent
388 3402 491 3451 voluisti
509 3417 523 3451 ιι
538 3418 579 3451 me
592 3410 648 3451 tan·
685 3400 753 3448 enim
769 3400 836 3449 dixit
849 3399 901 3463 ser,
918 3407 964 3449 eut
980 3407 1074 3466 potare,
1092 3406 1140 3454 serl
1156 3409 1212 3456 sias.

120 3481 189 3544 dem,
209 3482 269 3545 qoin
292 3477 451 3542 perfeceris?
490 3481 546 3542 Ego
568 3481 648 3541 impe·
684 3476 767 3524 Idem.

121 3568 190 3606 trnre
202 3570 303 3620 nequeo
313 3555 361 3603 ltoe
374 3553 419 3602 abs
431 3562 468 3616 te,
478 3554 584 3603 biduum
598 3557 648 3604 sal·
717 3552 814 3600 Priores
822 3557 903 3614 partes
911 3552 979 3602 lrosee
988 3554 1151 3623 ιὶίᾳιωιᾶη]
1162 3559 1213 3608 uo.

122 3641 173 3682 tem
185 3639 215 3680 ut
226 3629 353 3679 concedas
361 3631 453 3678 solitus.
455 3629 462 3650 ’
481 3630 598 3679 Donatus.
684 3635 758 3676 ueste
769 3627 992 3691 circumloquitur:
1009 3637 1037 3677 et
1046 3635 1172 3695 oratorie,
1180 3640 1213 3683 oi

153 3705 308 3762 Quamobrem
327 3706 394 3767 eripio
415 3704 539 3766 obducere]
562 3707 648 3755 Etiam
684 3703 765 3765 dicat,
786 3701 839 3752 Abi
859 3701 937 3766 iores,
957 3709 1035 3767 sique
1055 3708 1164 3760 excludi
1188 3717 1213 3758 te

58 3838 63 3849 .
120 3780 583 3844 lineretbogrstifioaturPhndriae·
596 3798 647 3832 non
685 3786 784 3843 patere.
802 3779 878 3827 Idem.

121 3862 188 3909 eninr
208 3859 321 3922 resipere,
338 3865 368 3906 ut
383 3858 415 3907 nb
435 3859 519 3908 emino
529 3874 647 3909 remune·
715 3856 814 3905 Priores
821 3861 911 3918 petes,
922 3858 963 3918 ie.
965 3854 976 3916 ]
987 3856 1077 3907 Quos
1069 3872 1098 3907 ιιι
1109 3859 1213 3923 honere,

122 3946 212 3986 rante:
230 3936 277 3986 seo
288 3935 412 3998 aidum,
428 3943 457 3984 ut
468 3936 502 3985 eb
514 3939 604 4000 stulto,
620 3944 648 3988 et
684 3933 767 3994 urstis
778 3939 822 3980 sut
834 3946 920 3980 amore
930 3931 1025 3980 lssbeut
1034 3933 1160 3997 hmines,
1168 3938 1213 3986 hos

122 4021 238 4074 experte.
257 4014 330 4062 lasus.
683 4005 810 4072 προτέρους
830 4007 884 4070 παρ’
906 4006 984 4057 αὐτοῖς
1003 4005 1061 4060 siras
1082 4011 1214 4062 dixerunt.

154 4087 287 4148 Aiduoere]
305 4085 436 4143 Amilite„
450 4088 591 4137 Famuline.
684 4084 764 4134 Arist.
775 4085 867 4146 Categ.
884 4083 1025 4134 Famuline.

154 4166 185 4213 67
214 4165 248 4212 Ut
271 4164 320 4212 suis
337 4165 472 4225 ramosus,
493 4181 521 4213 oc
541 4167 650 4230 reddam]
716 4165 749 4210 72
766 4161 837 4210 Nilil
854 4163 990 4226 respondes]
1003 4162 1064 4214 ant
1082 4164 1214 4218 silentiu
