2676 4710
313 356 496 404 rnuuuuu
521 356 688 405 nuuuou.
712 357 794 403 aon.
814 356 857 405 rr.
880 356 931 404 sc.
956 355 1015 403 111.
1123 338 1207 403 1211

142 492 179 538 89
197 489 231 544 at
240 489 302 537 enim
313 489 415 538 istacin
425 487 643 550 mecudetursaba]
681 487 732 536 mul
741 487 973 537 deliberationibus
984 490 1099 535 tractans
1111 485 1137 534 id
1146 483 1208 534 saci·

104 565 144 614 Id
157 572 210 623 est,
229 565 255 614 in
275 581 316 614 me
331 567 378 616 boc
391 568 486 615 malum
498 567 607 626 recidet,
617 568 643 614 in
680 565 784 614 endum.
802 566 876 613 Idem.

106 655 155 691 rue
167 642 223 690 bac
235 642 409 691 vindicabitur
421 643 517 706 culpa:
533 642 643 690 utlnbo·
711 641 742 689 Si
765 641 792 689 in
807 642 899 688 domum
919 638 1075 688 meretriciam
1095 639 1208 701 deducar]

108 726 157 767 rat
178 718 270 777 solum,
293 720 319 766 in
341 732 391 782 quo
413 717 525 778 cuditur,
545 718 571 766 id
593 724 643 779 est,
679 713 739 765 Hoc
750 717 802 766 tale
814 724 872 776 est;
888 716 958 764 nulla
971 716 1013 764 lex
1025 713 1170 777 probibeat,
1180 720 1210 762 et

106 792 231 842 bctuitnr
247 792 317 855 faba,
337 809 414 858 quum
432 793 527 856 siliquis
539 794 643 843 exuitur
679 793 835 843 defendatur
847 800 876 843 ut
887 793 996 842 licitum.
1015 793 1091 841 idem.

108 875 191 919 tunsa
202 869 330 919 fustibus:
348 877 378 919 ut
389 870 415 917 in
431 870 497 919 areis
510 884 579 919 more
591 884 642 919 rus-
710 876 741 922 ul
761 874 795 921 Et
815 873 865 921 illis
884 870 999 935 crucibus]
1023 871 1082 920 Hoc
1096 870 1152 933 jam
1174 868 1207 918 ad

107 945 225 997 &cram
236 945 275 996 tit.
317 947 367 996 Vel
378 947 447 1010 quod
459 947 563 1010 qnidam
575 947 642 995 male
678 947 741 998 illud
753 947 878 1013 pertinet,
897 955 927 997 ut
937 945 1090 996 ostendatur
1106 946 1206 994 decere.

109 1031 214 1074 coctam
225 1021 323 1082 fabam,
333 1031 361 1072 et
373 1038 430 1087 quae
444 1038 494 1072 non
505 1023 642 1084 maduerit,
678 1032 706 1076 et
717 1025 800 1087 primo
812 1040 827 1074 a
839 1037 950 1087 persona
960 1023 1018 1084 ejus
1029 1023 1069 1072 fit.
1086 1024 1163 1072 Idem.

109 1100 160 1151 sed
183 1100 248 1150 dura
271 1101 451 1163 permanserit,
468 1115 547 1164 stupra
562 1107 642 1164 caput
711 1099 838 1164 Crucibus]
855 1098 1049 1149 Meretrioibns.
1065 1098 1207 1149 Famam.

108 1177 199 1240 coqui,
226 1177 297 1225 velut
320 1177 369 1239 ipsi
390 1176 459 1225 fabae
483 1177 553 1239 irati,
578 1192 641 1226 saxo
709 1179 741 1224 92
759 1175 857 1224 Habent
882 1174 1036 1238 despicatam]
1069 1175 1208 1236 Contemp-

108 1251 299 1301 comminuunt.
311 1258 365 1300 tum
377 1253 524 1301 uuiversum
537 1254 641 1315 malum,
678 1258 730 1303 tam
739 1259 819 1316 atque
830 1251 990 1313 despectum.
1002 1259 1029 1299 et
1041 1251 1078 1299 ita
1089 1256 1130 1301 est
1141 1248 1207 1298 trir-

109 1331 140 1375 ct
158 1326 241 1374 nuruis
253 1326 326 1375 dolor
338 1326 370 1374 ad
386 1341 496 1391 coquum
511 1329 640 1390 pervenit.
676 1332 739 1378 θεσις
749 1335 775 1377 et
787 1325 964 1387 μεταπλασμός.
996 1326 1046 1374 Vel
1057 1332 1130 1374 certe
1142 1326 1206 1375 ulte·

107 1400 202 1451 Simile
223 1409 252 1451 et
273 1402 335 1451 alibi
354 1417 369 1451 a
388 1403 519 1465 pulmento
538 1418 641 1466 prover·
678 1405 729 1454 rius
752 1404 825 1453 verbi
853 1402 1002 1463 declinatio,
1027 1401 1059 1450 ab
1083 1415 1115 1450 eo
1137 1401 1207 1464 quod

108 1474 184 1524 bium
193 1483 251 1526 est:
270 1478 350 1525 ‘Tute
360 1477 407 1526 hoc
419 1478 521 1535 intristi,
534 1479 582 1528 tibi
592 1479 641 1528 boc
677 1487 718 1529 eat
733 1479 847 1542 despicor,
856 1482 888 1527 'nt
905 1478 1033 1540 conspicor.
1060 1476 1209 1538 Sallustius,

108 1552 154 1601 cat
162 1551 341 1602 exedendum:
354 1554 506 1617 accingere!
523 1556 640 1607 Donatus.
677 1555 781 1606 ‘Quam
799 1554 897 1603 interea
914 1553 1039 1601 Metellus
1062 1560 1150 1601 monte
1168 1549 1208 1600 di·

143 1625 182 1676 Δί
198 1627 262 1676 enim
280 1628 346 1676 uem
362 1628 388 1677 in
405 1644 441 1678 mc
457 1631 556 1678 cudetur
570 1630 643 1693 saba]
677 1630 799 1694 grediens
820 1643 878 1678 euru
896 1629 1012 1678 exercitu
1031 1627 1206 1689 conspicatur,

110 1703 153 1753 Ex
175 1703 275 1754 duabus
303 1705 401 1755 Donati
424 1706 642 1769 explicationibus
678 1707 761 1770 primo
772 1704 865 1754 dubius
876 1705 996 1769 quidnam
1009 1702 1114 1752 insolita
1123 1700 1208 1757 taeter

109 1782 185 1844 prior
202 1781 305 1831 erudita
322 1789 379 1832 est:
397 1783 526 1845 posterior
537 1784 641 1834 minime
678 1780 846 1832 ostenderet!
863 1782 938 1830 Idem

108 1856 196 1919 arcipi
209 1856 297 1906 debet.
330 1859 415 1907 Nimis
426 1868 589 1922 opportunus
604 1875 642 1911 es·
709 1859 807 1910 Habent
817 1855 972 1920 demiratum]
988 1855 1032 1905 Sic
1045 1856 1165 1903 Donatus
1173 1860 1207 1902 et

110 1941 152 1982 set
165 1934 246 1982 Plinii
255 1934 326 1986 locus
335 1935 455 1983 Turnebo
472 1936 590 1986 laudatus
607 1952 640 1987 ex
677 1949 765 1986 ornnes
786 1935 886 1998 antiqui
902 1932 960 1982 libri
983 1939 1081 1996 praeter
1101 1929 1206 1978 Bembi-

109 2021 197 2058 xrrrr.
214 2013 257 2059 27.
276 2010 297 2058 si
314 2011 454 2073 legeretur,
473 2016 502 2061 ut
519 2012 575 2074 ipse
596 2027 640 2062 vo·
677 2025 747 2062 narn.
768 2018 796 2060 et
817 2017 872 2061 stat
894 2024 982 2059 versor
1003 2008 1101 2071 rejecta
1123 2006 1207 2070 prima

109 2084 177 2133 luit:
188 2084 249 2145 saba
259 2086 366 2148 nutitur,
378 2087 462 2135 deinde
478 2087 581 2138 cuditur.
593 2088 640 2137 sed
677 2088 735 2151 ejus
762 2087 861 2151 syllaba
878 2085 903 2134 in
921 2083 999 2133 tinem
1022 2082 1206 2146 praecedentis.

108 2160 351 2212 inCodicibusest:
363 2163 503 2212 concutitur.
515 2163 564 2213 boc
575 2163 641 2212 inte·
677 2178 765 2213 omnes
785 2162 829 2211 alii
852 2161 911 2210 libri
930 2165 1058 2218 recentes,
1075 2159 1208 2221 despectam

109 2238 159 2287 rim
182 2245 282 2287 eertum
300 2247 341 2289 est
366 2241 466 2288 cudendi
493 2254 583 2288 vocem
607 2241 641 2304 uqi
677 2235 984 2294 babent,utBembinus.
1002 2235 1119 2284 Fa'e'rnus.
1161 2248 1164 2257 ’

108 2321 252 2365 concutere
265 2330 342 2379 posse
354 2314 506 2375 ἰσοδυναμεῖν.
518 2323 557 2365 est
573 2315 640 2364 euim
709 2317 741 2362 9³
759 2313 830 2362 Nunc
840 2310 943 2371 reseram
949 2309 1066 2372 patiam]
1082 2309 1143 2358 Non
1153 2323 1207 2369 cas,

108 2389 190 2451 cudo,
201 2388 319 2454 κολάπω,
334 2388 447 2451 numan,
462 2392 488 2439 in
510 2391 641 2440 veteribus
677 2387 769 2453 inquit,
790 2387 934 2435 lacessam:
953 2385 999 2434 sed
1020 2383 1089 2447 quod
1104 2384 1207 2447 justum

109 2464 201 2518 Gloss.
221 2466 351 2515 Boecbrus.
678 2470 720 2512 est
730 2463 812 2511 ricem
823 2461 929 2510 reddam
940 2477 947 2508 :
965 2460 1037 2524 qussi
1048 2459 1105 2521 ipse
1116 2458 1143 2507 in
1151 2460 1206 2508 nliia

140 2540 179 2591 At
193 2543 263 2598 enim,
279 2541 334 2605 tra]
350 2541 387 2590 At
406 2540 473 2589 euim
486 2540 547 2589 mibi
558 2540 641 2605 impu·
677 2539 753 2589 laesus
764 2538 808 2587 sit.
825 2537 943 2586 Donatus.

109 2616 277 2668 tabtrurlraec
294 2618 380 2679 culpa.
398 2616 465 2664 luam
484 2631 640 2680 egopoeuas,
713 2615 782 2663 Nunc
809 2610 911 2671 reseram
935 2610 1054 2673 gratiam]
1087 2608 1206 2662 Colorem

108 2691 185 2755 quasi
202 2690 296 2741 fuerim
314 2707 373 2741 area
385 2693 411 2740 iu
423 2707 472 2755 qun
484 2692 597 2754 cuditur,
613 2693 639 2741 id
672 2691 739 2755 juria
751 2692 808 2740 vult
820 2704 866 2739 sno
883 2687 955 2738 facto
968 2686 1111 2737 inducere:
1129 2701 1206 2750 quem

108 2769 166 2828 eat,
182 2757 300 2816 bntuitur
317 2766 427 2816 fustibus
449 2766 520 2826 faba,
537 2770 588 2831 vel,
611 2775 641 2819 ut
676 2765 806 2829 expressit
823 2764 982 2814 Aristoteles
999 2762 1106 2812 Rhetor.
1122 2775 1142 2811 r.
1159 2763 1207 2812 nbi

109 2842 233 2892 crudeles
252 2836 348 2892 domiui
367 2841 453 2890 fabam
466 2843 640 2894 duriusculum
677 2842 746 2892 inter
768 2856 823 2902 eos,
844 2841 888 2904 qui
910 2840 988 2890 t‘acile
1014 2839 1105 2903 injuria
1127 2838 1206 2888 affici-

109 2933 157 2969 scn
179 2918 245 2967 male
261 2929 362 2967 coctam
379 2933 458 2981 snpra
474 2927 553 2983 caput
564 2921 640 2985 coqui
677 2928 766 2982 untur,
775 2924 894 2967 recenset
905 2917 985 2965 etiarn
1002 2913 1056 2964 rubr
1066 2913 1148 2962 πολλὰ
1156 2915 1206 2970 ἠδι-

111 3007 176 3044 tuo
194 2993 380 3055 comminuunt,
398 2993 436 3042 its
452 2995 477 3043 iu
495 3003 573 3059 caput
587 3012 640 3045 me·
677 2996 786 3060 κηκότας,
805 2995 821 3054 ᾖ
837 2995 936 3044 catabra
953 2991 991 3042 aiu
1009 2991 1146 3041 ἀδικοῦνται.
1163 2992 1207 3053 ἔγ·

110 3084 155 3120 nar
178 3076 301 3132 tanquam
318 3069 447 3118 immaturi
465 3072 563 3120 consilii
580 3087 640 3121 auc·
677 3073 722 3136 pbr
738 3072 784 3137 γάρ
802 3090 826 3121 τι
846 3072 911 3119 δοκεῖ
923 3070 966 3118 τοῦ
984 3067 1016 3130 μὴ
1031 3069 1118 3117 ἀδικεῖν
1137 3065 1204 3130 eiras,

110 3146 176 3197 toris
187 3145 287 3194 recidet
297 3146 346 3194 boc
358 3147 459 3194 malum.
480 3147 624 3196 Farnobium
678 3151 735 3200 ὅταν
745 3149 884 3197 sesomires
902 3145 999 3209 ἀδικηθῇ
1014 3162 1057 3200 rrs,
1075 3142 1124 3194 olor
1134 3143 1207 3194 etam

144 3226 178 3272 0⁰
207 3221 340 3282 Flagitium
359 3222 476 3284 sacimas]
506 3225 640 3285 Flagitium
677 3226 717 3277 rai
727 3223 796 3274 aurbs
805 3224 900 3273 ἀδικεῖν.
913 3221 1000 3271 sedex
1011 3221 1142 3286 opinione,
1152 3235 1205 3271 nan

109 3313 183 3350 mere
192 3299 294 3347 militari
306 3298 409 3355 dicitnr,
423 3313 463 3348 res
470 3297 640 3364 flagitatione,
678 3320 710 3354 err
722 3303 833 3352 veritate
845 3301 881 3349 ita
892 3299 1034 3363 disputant·
1054 3312 1134 3363 quare
1152 3299 1204 3347 Dn-

110 3375 163 3435 lrcc
185 3380 234 3435 est,
253 3373 432 3435 increpatione
453 3374 538 3435 digua.
572 3378 640 3425 Nam
677 3376 1000 3440 nannetensem
1017 3373 1207 3434 meritojactrnn

102 3451 242 3516 flagitatio,
264 3465 279 3499 a
302 3451 413 3512 strepitu
435 3451 547 3501 dicitur:
571 3453 640 3503 nude
677 3473 756 3507 amnes
772 3459 865 3519 putent,
885 3458 1010 3502 annotat:
1028 3452 1134 3500 ‘Bene:
1153 3465 1205 3499 non

105 3528 217 3593 stannea,
230 3533 256 3575 et
260 3525 371 3588 flagella,
384 3533 411 3575 et
416 3526 543 3590 flagitare,
554 3529 578 3576 id
592 3537 641 3591 est,
672 3532 804 3596 judicent.
814 3529 875 3593 quia
885 3536 913 3578 et
924 3528 972 3576 boc
984 3527 1067 3590 ipsum
1080 3540 1129 3574 uon
1142 3527 1208 3576 satis

112 3617 252 3668 persanare
263 3601 430 3665 intelligimus
438 3603 500 3652 dici.
511 3604 639 3654 Namhaec
678 3608 788 3672 probum
800 3612 849 3665 est,
871 3605 912 3654 vei
924 3603 1084 3653 meretricem
1095 3600 1206 3652 tallere!

111 3679 199 3729 omnia
219 3679 273 3727 sine
301 3679 386 3727 souitu
415 3680 568 3746 crepituque
588 3695 640 3728 non
678 3684 809 3733 Boeclerns.

112 3761 182 3805 tunt·
200 3754 318 3803 Donatum
714 3761 749 3808 Ut
759 3760 788 3807 ab
804 3759 853 3808 illia
860 3756 985 3820 fallimur]
1002 3756 1062 3805 Nou
1074 3754 1151 3816 dixit,
1161 3754 1205 3803 alii

144 3832 188 3880 An
204 3831 230 3878 id
241 3829 425 3893 flagitinmert]
443 3829 483 3877 An
496 3830 592 3879 liceat?
608 3846 641 3880 nu
671 3834 801 3895 falluntur.
823 3837 949 3882 Donatus.

112 3908 227 3959 deceat?
263 3908 296 3954 Et
308 3905 454 3969 prius,quia
465 3904 533 3954 licet.
550 3906 625 3955 Idem.
709 3913 742 3958 94
759 3909 799 3956 An
818 3908 897 3970 potius
912 3907 961 3954 bec
977 3906 1040 3969 pati,
1060 3920 1152 3968 aequum
1171 3911 1207 3954 est

144 3980 399 4046 Anidflagttinmest]
407 3981 543 4027 'l‘erenttus
553 3980 641 4030 laudat
671 3985 742 4050 fleri]
760 3984 818 4033 Illic
838 3982 988 4032 vicissitudo
1007 3988 1080 4030 extat
1099 3981 1125 4028 in
1146 3982 1206 4030 Pati

113 4065 295 4124 argumentum
316 4057 391 4118 liujus
414 4054 524 4107 tabula:
543 4058 567 4105 iu
592 4071 641 4120 quo
678 4060 752 4108 dolos.
768 4057 851 4106 idern.

113 4137 262 4198 exemplum
274 4133 408 4196 promitur,
423 4131 490 4195 quod
503 4133 584 4194 prosit
596 4149 641 4196 pa·
710 4135 750 4185 An
758 4134 839 4198 potius
850 4134 899 4183 lroec
914 4131 980 4196 patri
990 4146 1080 4194 oequom
1090 4137 1127 4182 est
1136 4134 1205 4198 fieri,

113 4213 244 4275 rentibus,
260 4210 331 4261 obsit
350 4208 546 4259 meretricibus:
564 4220 591 4260 et
609 4212 642 4265 si·
678 4216 716 4276 ut,
732 4209 786 4276 tra]
806 4207 969 4270 scribetur,
981 4220 1118 4273 numquam
1130 4209 1208 4260 aliter
