2676 4710
199 321 286 387 1314
548 333 656 384 norm
680 331 881 384 vsnronuu
905 334 946 383 ru

202 484 272 546 poris
294 480 413 532 videatur
433 484 602 541 assumptum.
652 477 729 527 Unde
765 483 870 527 ventum
882 479 982 541 Clinia,
993 483 1134 544 antequam
1144 477 1279 542 ingredere·

201 557 312 607 efficitur
324 558 465 608 consolatio
481 554 655 618 aClitiphone
666 554 728 602 ami·
765 562 816 604 tur.
830 556 917 620 itaque
928 557 1054 621 Clitipho,
1064 562 1095 605 ut
1107 555 1156 604 hoc
1166 556 1282 605 nuntiaret

202 648 244 694 eo,
261 648 317 682 cum
329 634 402 694 dicit,
423 631 511 680 ‘Nihil
530 630 598 696 quod
618 630 728 679 videaris
765 632 799 687 ei,
811 645 928 693 egressus
939 639 1005 694 erat,
1015 646 1101 696 neque
1119 631 1207 695 potuit
1218 633 1282 695 aegii·

199 725 255 761 esse
264 710 398 770 sollicitus,
404 707 599 772 haudquaquam
609 705 729 768 cessant,’
765 719 826 768 gere
835 709 993 758 occasionem
1002 709 1137 770 Chremes,
1147 708 1209 771 quin
1218 708 1281 758 lilirn

199 785 248 834 hoc
260 792 309 844 est,
318 797 368 832 non
381 781 519 831 diutissime
532 782 645 831 tardant.
676 780 729 829 Ve·
764 783 813 832 hoc
830 786 947 847 exemplo
964 787 996 834 erl
1010 786 1136 834 virtutem
1149 785 1282 834 cohortare·

199 875 254 909 rom
266 874 324 908 cum
336 859 404 907 intus
421 858 532 921 positum
544 858 653 906 Cliniam
666 856 727 905 allo·
765 865 824 907 tur:
842 861 951 909 aliorum
964 861 1063 910 scilicet
1082 860 1161 908 rebus
1173 860 1283 924 intentus,

198 943 273 983 cutus
296 940 375 995 esset,
393 933 507 997 Clitipho
526 933 668 995 egreditur,
686 947 729 994 ps·
765 952 866 986 arrarum
886 939 977 988 sedulo
993 940 1109 1002 ignaros.
1126 939 1198 1005 qnod
1215 939 1283 1002 ipsum

198 1017 265 1058 trem
287 1010 423 1072 prospicit,
445 1011 468 1058 ei
490 1009 653 1059 commendat
673 1006 728 1056 ofli-
765 1021 805 1063 est
816 1013 965 1076 οἰκονομικόν.
983 1014 1062 1079 quid?
1081 1016 1154 1079 quod
1170 1021 1232 1064 ante
1246 1029 1283 1064 uu.

198 1085 267 1134 cium
279 1099 362 1147 suum,
373 1100 406 1134 ne
418 1086 537 1135 rideatur
554 1085 729 1147 nescioquem
764 1104 821 1138 nam
840 1092 925 1140 omnia
942 1093 986 1139 illa
1002 1092 1057 1154 geri
1077 1091 1223 1152 dehebant,
1239 1104 1282 1154 que

198 1160 417 1212 adolescentulum
436 1161 575 1224 recepisse,
588 1168 617 1210 ut
634 1160 728 1208 merito
764 1172 849 1213 actum
872 1180 904 1214 rr.
925 1167 1098 1216 constituunt.
1124 1181 1185 1231 quae
1209 1180 1283 1223 more,

196 1239 246 1288 hoc
258 1238 374 1289 effecisse
392 1240 516 1289 declaret.
549 1237 634 1287 Sumit
650 1237 729 1299 igitur
764 1241 873 1300 seilicet,
894 1243 1029 1305 plurimum
1048 1243 1170 1305 rationis,
1181 1242 1283 1305 adeoque

197 1315 343 1376 exordium,
354 1316 423 1380 quod
438 1313 611 1373 commendat,
628 1311 729 1361 adoles·
763 1317 928 1366 necessitatis
944 1317 1048 1366 hahent.
1066 1332 1118 1381 quo
1129 1320 1201 1368 enim
1212 1315 1283 1367 differ·

197 1396 299 1440 cantem
318 1390 366 1439 sibi
389 1389 451 1439 olim
472 1389 527 1452 Jam
545 1387 625 1437 luisse
641 1386 728 1449 cogni·
763 1395 929 1443 rentur-iura?
947 1395 1078 1445 Baetem,

197 1476 262 1528 tum,
272 1482 302 1516 ac
314 1482 341 1516 se
354 1467 471 1516 coactam
487 1465 610 1526 amicitia,
621 1478 679 1512 eum
691 1477 729 1512 re·
798 1469 846 1524 Qui
856 1485 909 1517 cum
919 1469 1109 1534 loquiturfitQ]
1127 1470 1227 1520 versut
1242 1476 1282 1519 eru

195 1545 311 1608 cepisse:
341 1544 401 1593 ideo
426 1542 533 1606 adjecit,
557 1542 645 1591 ‘Nam
666 1540 728 1589 mihi
764 1542 1283 1596 clraicusdimetercatalecticus.Fa’e'rssr.

197 1635 254 1670 cum
273 1634 304 1669 eo
317 1634 409 1681 magna
424 1633 456 1667 ex
474 1614 728 1682 pueritial'amiliari·
795 1624 811 1667 6
830 1620 894 1675 Quid
912 1620 958 1683 est]
976 1621 1102 1686 Plerique
1121 1619 1282 1670 fereula.

196 1694 256 1746 tas!
273 1696 434 1760 Eupraphius.
764 1693 858 1743 habene
866 1697 924 1758 quid
932 1698 959 1744 id
976 1702 1020 1757 est,
1032 1704 1062 1746 ut
1074 1699 1143 1747 ratio
1156 1712 1242 1746 uersos
1252 1711 1282 1745 re·

230 1771 300 1821 Nihil
310 1772 384 1820 adhuc
396 1776 432 1820 est
447 1772 508 1834 qaod
523 1784 616 1818 sareon
630 1769 728 1818 Clinia:
764 1771 851 1833 quirit.
869 1773 905 1821 ita
920 1773 987 1821 euim
999 1772 1160 1822 ordinandus
1181 1781 1222 1823 est
1237 1786 1283 1822 rer·

194 1848 565 1914 hoadqmqanmetiumcessuat]
577 1850 675 1898 Versus
686 1854 727 1897 est
763 1859 816 1906 sus,
834 1847 877 1909 qui
896 1854 937 1896 est
954 1848 1111 1910 trochaicus,
1128 1849 1282 1912 quemadmo-

195 1928 340 1977 trochaicus
362 1932 515 1977 tetrameter
534 1927 725 1976 acatalecticus.
762 1921 823 1969 dum
836 1922 861 1970 in
873 1923 939 1972 libro
956 1924 1086 1973 Bemblno
1103 1933 1155 1973 est.
1174 1933 1204 1974 ut
1216 1916 1282 1973 diedo

197 2003 315 2052 Falernus.
715 2024 718 2029 ·
760 1998 831 2060 prole
852 2013 909 2048 eum
935 2000 1009 2048 liniat
1037 2001 1088 2049 hoc
1110 2000 1209 2050 modo:
1240 2001 1281 2050 cu.

228 2078 299 2127 Nihil
317 2078 405 2141 adhuc]
432 2077 508 2126 lntoe
531 2076 650 2126 relictum
673 2076 724 2125 Cli·
764 2074 923 2129 Quididestl
936 2076 1055 2125 eutem
1064 2077 1282 2126 Menedemum·

194 2152 263 2201 niam
280 2154 420 2218 alloquitur
431 2152 555 2216 Clitipho,
575 2154 602 2200 in
621 2167 724 2216 prosce·
761 2152 1045 2202 tioreostnrmoiciuuml
1068 2155 1123 2202 Cra.
1140 2154 1222 2215 prole
1237 2152 1271 2203 ld.

193 2229 264 2278 nium
275 2229 421 2293 egrediens.
442 2226 584 2278 Fornabius.
794 2229 964 2278 Aduenientem
992 2245 1004 2279 e
1027 2229 1097 2292 acui]
1132 2229 1283 2280 Adventoria

228 2305 338 2369 Cessent]
355 2306 434 2370 Syrus
453 2311 481 2353 et
498 2304 595 2352 Dromo
612 2302 680 2351 servi
696 2302 723 2350 in
761 2319 835 2353 coeoa
852 2305 946 2354 amicos
962 2320 1072 2369 peregre
1092 2307 1233 2357 redeuntes
1246 2320 1284 2356 er·

192 2381 285 2431 urbem
305 2383 376 2432 missi
395 2382 427 2430 ad
449 2379 630 2429 accersendam
648 2378 724 2428 Anti·
761 2381 849 2443 cipere
862 2382 938 2430 moris
956 2390 1022 2432 erat.
1039 2382 1158 2432 Martial.
1179 2383 1257 2446 Epist.
1269 2382 1283 2430 1.

194 2457 306 2520 philam:
320 2458 422 2507 videtur
433 2457 492 2505 hinc
506 2471 583 2505 scena
595 2456 621 2504 in
633 2455 724 2504 subur·
760 2470 811 2506 ιιι.
833 2458 888 2506 ‘Ut
909 2456 1121 2507 familiarissimas
1140 2458 1203 2506 milri
1220 2471 1282 2507 aures

193 2532 260 2582 hano
280 2535 430 2590 constituta,
447 2548 499 2595 quo
518 2531 675 2582 accersenda
689 2546 723 2580 ex
761 2540 818 2583 tuas
829 2534 975 2598 acciperem
994 2534 1174 2584 adventoria?
1190 2540 1218 2583 et
1234 2546 1282 2598 qna

193 2608 259 2661 urbe
270 2607 413 2671 Antiphila.
429 2607 504 2658 Idem.
762 2624 808 2658 nos
819 2610 864 2659 ibi.
882 2609 915 2658 de
935 2609 1001 2658 libro
1019 2616 1143 2674 tanquam
1157 2625 1232 2659 coena
1247 2607 1282 2657 ed·

226 2682 262 2730 Ei
280 2681 346 2730 illam
365 2683 436 2729 eimrd
453 2696 505 2730 cum
521 2681 605 2730 nantia
622 2681 668 2730 tibi
685 2681 723 2729 hic
760 2687 879 2735 ventoria
906 2687 1019 2747 locutus,
1046 2700 1123 2750 quam
1155 2685 1285 2745 vovebant,

192 2770 236 2817 ego
252 2757 390 2816 adjuturum
408 2756 475 2805 hodic
491 2756 551 2818 seio]
566 2757 662 2805 Versus
681 2756 723 2805 hic
760 2777 835 2827 quum
845 2777 876 2810 ex
887 2769 947 2810 voto
955 2761 1106 2812 solvebant:
1121 2763 1215 2825 passim
1225 2759 1282 2825 apud

191 2845 287 2883 norem
303 2832 396 2896 pedum
412 2841 466 2882 est:
484 2833 527 2898 qni
546 2833 569 2882 si
585 2847 618 2881 ex
630 2848 661 2882 eo
678 2835 722 2882 de·
762 2836 910 2898 Horatium,
920 2837 1079 2899 Martialem,
1090 2837 1163 2889 alios.
1189 2836 1282 2888 Farsoi.

191 2924 247 2960 mas
268 2924 410 2973 pronomen
429 2924 480 2972 ego,
500 2909 568 2973 quod
590 2923 674 2972 neque
695 2909 723 2958 in
793 2916 809 2961 9
826 2913 925 2960 Adduxi
936 2915 967 2960 od
978 2912 1070 2975 cenum]
1091 2914 1172 2963 Liber
1189 2914 1283 2966 Bembi-

190 2987 258 3037 libro
267 2986 394 3036 Bembino
406 2993 545 3050 est,neqoe
556 2985 582 3033 in
592 2984 722 3048 plerisque
760 3000 808 3034 nos
830 2993 857 3035 et
878 2987 996 3051 plerique
1018 2988 1061 3036 alii
1083 2990 1191 3040 obduxi:
1211 2991 1284 3055 priua

192 3063 260 3125 aliis,
273 3062 356 3112 adhoc
374 3067 459 3110 tamen
481 3066 597 3109 remanet
614 3059 722 3123 impedi·
761 3070 846 3111 autem
864 3063 939 3126 hujus
955 3078 1044 3112 versus
1061 3064 1162 3128 syllaba
1179 3067 1284 3130 pertinet

193 3144 246 3199 tus,
263 3138 311 3185 uisi
327 3136 372 3186 tihi
388 3137 415 3185 iu
432 3150 509 3185 unam
525 3135 650 3199 syllabam
661 3150 723 3184 con·
760 3137 793 3186 od
805 3139 1005 3200 praecedentem,
1013 3145 1041 3187 ut
1049 3139 1092 3187 hic
1102 3140 1136 3189 sit
1145 3140 1282 3191 octonarios

194 3215 290 3272 malias,
311 3221 349 3268 et,
371 3211 439 3277 quod
456 3211 614 3275 frequentius
636 3212 722 3274 eat,in
759 3212 894 3273 iambicus,
903 3220 933 3261 nt
944 3214 1036 3263 ceteri.
1059 3214 1179 3265 Fu'e'raaa.
1273 3227 1277 3243 '
1311 3267 1313 3275 ,

194 3287 308 3336 dictione
318 3288 385 3336 illurn
396 3287 480 3351 prima
490 3288 647 3350 corripiatur
659 3288 721 3337 eliso
793 3291 824 3336 lt)
845 3289 993 3351 Voluptatem
1006 3290 1129 3353 magnam]
1148 3291 1206 3342 Scit
1224 3290 1283 3340 enirn

194 3362 721 3415 unol.lrocmodoversuseritoctonarius
760 3364 893 3424 Chremes,
919 3365 1087 3415 vehementer
1110 3373 1215 3429 patrem
1233 3379 1282 3415 esse

193 3440 328 3490 iambicus.
347 3439 465 3489 Fc'e'rnus.
759 3440 907 3490 sollicitum.
940 3442 1016 3492 Quod
1034 3442 1108 3492 audit
1125 3457 1190 3507 ergo
1205 3456 1282 3493 rerer·

224 3523 239 3567 t
260 3519 334 3567 Proin
348 3522 375 3566 ta
391 3515 576 3566 sollicitudiuem
589 3515 661 3565 mom
670 3517 721 3576 sol·
759 3534 814 3568 sum
837 3519 1040 3583 adolescentem,
1054 3519 1120 3568 dicit
1139 3521 1190 3570 sibi
1205 3526 1282 3571 natan

189 3591 587 3657 commonasterialium]
598 3590 722 3657 Plerique
760 3609 877 3657 magnam
895 3596 1066 3658 voluptatem.
1100 3596 1225 3661 Denique
1243 3595 1282 3644 ho·

190 3673 209 3722 l.
218 3688 239 3722 s.
250 3673 318 3721 inter
327 3685 390 3736 quos
398 3667 655 3728 Bembinus‚habent
665 3670 721 3718 mit·
755 3670 800 3734 jus
821 3671 960 3734 voluptatis
981 3685 1083 3720 causam
1101 3671 1128 3720 in
1146 3673 1233 3723 animo
1245 3673 1284 3722 tr·

189 3753 245 3805 tas3
261 3747 299 3796 ita
315 3759 404 3794 versus
419 3750 461 3794 est
480 3743 625 3794 trochaicus
642 3753 720 3795 tetra·
760 3746 832 3807 bens,
843 3746 996 3809 subjunxit:
1010 3746 1018 3773 ‘
1030 3747 1115 3798 Quam
1128 3747 1223 3797 vellem
1233 3747 1283 3796 lde·

189 3831 274 3874 meter
285 3820 477 3883 acatalecticus,
493 3827 522 3868 ut
537 3819 633 3883 primus
643 3822 721 3885 hujus
759 3821 893 3871 nedemum
904 3821 1040 3871 invitatum
1052 3822 1173 3891 amplius,
1184 3831 1214 3873 ut
1224 3823 1284 3874 mec
1315 3868 1318 3873 .

191 3914 284 3949 scene.
304 3898 420 3949 Formo.
548 3929 550 3933 v
759 3898 877 3947 laetitiam
899 3911 949 3946 nee
968 3897 1085 3961 opinanti
1104 3898 1177 3961 prius
1195 3898 1286 3963 objice·

223 3975 307 4031 adut
333 3989 386 4024 cum
412 3973 515 4039 loquitor
535 3973 616 4039 filius]
648 3976 719 4026 Satis
758 3972 919 4023 remdomil'
942 3973 987 4023 Uti
1002 3988 1053 4022 non
1072 3974 1229 4037 suspicanti,
1238 3988 1286 4024 sm·

190 4063 284 4114 magua
298 4058 355 4102 erat
375 4066 464 4113 causa,
483 4065 539 4116 quae
558 4051 720 4102 Chremetem
758 4050 825 4115 plius
842 4050 920 4101 etiam
936 4065 1010 4114 quarn
1028 4055 1126 4112 speret,
1143 4050 1211 4101 hanc
1225 4051 1287 4101 lntl·

192 4125 226 4172 ad
237 4128 357 4177 convivas
374 4134 555 4193 properantem
571 4136 720 4179 moraretur.
758 4127 821 4177 tiam
834 4127 902 4175 domi
915 4125 1050 4189 objiceret.
1068 4126 1233 4189 Eugraphists.
1251 4192 1254 4197 Ι

193 4203 338 4264 argumenti
355 4205 422 4253 enim
440 4204 586 4266 intererat,
597 4205 657 4256 sciri
676 4205 720 4255 sd·
789 4200 1119 4271 Scmperfaitquile‘ceitus.
1145 4202 1200 4253 Cra.
1212 4204 1289 4268 nolsp·
