2676 4710
320 341 502 390 ’rennuunt
526 341 690 390 susurra.
713 340 794 393 εον.
818 336 875 388 1'11.
899 342 953 391 sc.
975 344 1015 391 u.
1122 318 1209 394 1433

118 490 193 552 potis,
204 493 232 536 et
238 488 327 550 potius.
359 487 481 536 Sic‘enim
494 484 567 548 iacit,
582 476 656 547 potim-
681 485 755 533 bono.
788 484 1209 549 Argent.aaoitoucbmibovnn.vs.³

116 567 215 627 ‘posiae
229 563 383 627 potissimam.
429 563 464 612 Et
487 563 547 625 quod
568 561 645 610 modo
681 561 1211 624 39.duozonprofrrendansbocts'bs'oidetur

117 641 300 704 exceptionem
311 638 454 702 significat:
472 647 501 688 ut
512 637 560 699 sit;
571 653 644 700 quna-
681 652 728 685 esse
737 653 842 698 nsquam.
850 639 1106 701 tertiustosboeprof.
1118 640 1162 687 tibi
1171 641 1208 687 oi·

117 722 170 765 tuos
179 718 211 764 od
220 717 284 765 iilam
294 716 392 776 attinet,
400 714 425 762 id
434 720 482 777 est,
490 713 645 762 AEsebinum.
680 714 806 761 deturesse
815 727 864 774 usq.
881 727 918 762 vs.
927 717 969 764 41.
984 727 1086 761 omnes:
1101 714 1209 776 profere-

119 792 197 840 Idenr.
680 802 740 836 mes.
752 803 789 836 νε.
799 790 1031 838 43.οιυυεε;ᾱενε.
1039 793 1126 837 vass.
1139 790 1208 838 duo:

152 872 183 917 1⁰
203 868 293 931 den]
319 868 426 917 Scilicet
448 882 463 916 a
485 881 604 930 corpore,
629 881 646 916 a
680 867 755 914 celato
777 869 813 913 est
833 879 898 927 opus.
922 866 1027 914 tertius:
1053 865 1135 925 tacito,
1160 865 1218 913 sed·

117 943 208 1000 sonna,
220 959 235 991 a
246 944 446 1007 pulchritudine.
463 944 538 992 Idem.
681 941 839 1004 superscrib.
848 943 931 990 celato.
942 946 1026 990 vado.
1039 957 1141 990 omues:
1152 943 1209 1005 quid

154 1019 209 1069 Tati
224 1021 321 1082 genere]
337 1020 414 1080 Larsa,
434 1024 493 1067 aute
513 1019 584 1067 ilium
607 1026 644 1070 ta·
679 1020 740 1080 ogis.
761 1034 798 1067 νε.
814 1006 856 1067 46.ι
874 1033 978 1067 omnes:
1000 1023 1084 1081 potest.
1108 1034 1144 1068 vs.
1165 1023 1210 1067 dit.

118 1096 184 1143 iem:
203 1102 231 1143 et
243 1095 287 1143 tati
300 1095 394 1153 animo,
405 1095 430 1143 in
440 1095 492 1143 itio.
526 1096 561 1144 Et
570 1110 645 1157 genus
680 1109 786 1144 omnes:
809 1110 876 1158 mem
895 1096 945 1156 ipse
964 1095 1085 1144 amiserat.
1109 1110 1147 1144 vs.
1168 1100 1211 1145 62.

115 1172 171 1234 jam
181 1169 214 1219 ed
222 1171 293 1218 vivos
305 1171 428 1233 pertinet.
453 1170 644 1220 Famiiiaetians
681 1184 784 1219 ornnes:
799 1177 874 1232 potes.
892 1171 1031 1218 Boeclerus.

118 1249 153 1297 ad
165 1246 313 1298 defunctos.
347 1247 483 1310 Aliigenus
502 1249 535 1296 ed
553 1249 645 1298 nobili·
715 1248 804 1297 Liceat
822 1247 883 1295 mihi
901 1247 941 1294 bic
958 1247 1043 1310 aliqua
1060 1245 1092 1294 ad
1110 1247 1209 1296 Donati

117 1332 200 1374 tatem
215 1324 342 1385 referunt,
352 1325 474 1385 familiam
491 1325 523 1374 ad
539 1326 643 1388 copias:
681 1323 879 1373 commentarios
902 1330 1038 1384 annotare,
1070 1332 1208 1389 antequam

118 1400 188 1449 unde
206 1407 233 1448 et
249 1401 422 1463 paterfamilias
432 1400 544 1450 dicitur:
561 1409 591 1452 nt
601 1402 645 1459 sit,
682 1399 715 1448 de
737 1399 832 1449 ceteris
855 1400 980 1449 dicamus.
1024 1403 1109 1450 Multa
1139 1403 1209 1452 enim

116 1477 339 1537 extmtnsomils'n,
354 1490 387 1524 ex
399 1481 452 1524 tam
463 1476 545 1526 divite
561 1476 645 1527 domo.
681 1474 785 1525 erudite
794 1476 878 1524 notari
886 1477 970 1540 video,
980 1479 1211 1542 prasertimquau·

118 1554 194 1602 nas·
209 1553 290 1601 omnis
311 1550 452 1617 παρέκτασιε
473 1551 582 1615 tragica,
605 1561 646 1602 est
682 1557 735 1600 tum
746 1552 779 1600 ad
790 1550 916 1615 εὺήθιεὺν,
933 1554 1000 1616 quod
1013 1554 1127 1617 inprimis
1138 1567 1222 1604 eure

115 1630 269 1695 gaudiorum
291 1629 456 1685 introductio,
477 1636 538 1678 aute
557 1627 658 1678 funes-y
681 1627 705 1675 ei
726 1626 806 1676 foisse
826 1629 1062 1680 animadvertimus.
1094 1633 1158 1679 Sunt
1171 1639 1209 1679 ta-

117 1708 246 1756 tissimum
256 1707 381 1756 nuntium.
399 1707 473 1755 Idem.
680 1716 740 1752 men
753 1704 837 1769 aliqua
849 1719 899 1754 uon
911 1705 1018 1757 ferenda
1029 1724 1036 1767 ;
1048 1722 1080 1756 sn
1092 1707 1126 1756 ab
1137 1708 1223 1771 ipsoi‘

152 1782 207 1832 Tali
214 1781 312 1844 gessere]
330 1781 361 1831 ld
374 1789 425 1842 est,
436 1782 468 1830 ab
480 1780 519 1829 bis
528 1795 588 1845 qnae
600 1794 644 1828 ex·
680 1773 775 1829 nolim:
795 1781 817 1830 si
833 1781 860 1830 in
878 1782 941 1831 aiios
953 1784 1034 1846 possit
1042 1784 1118 1846 culpa
1128 1790 1211 1833 trans·

116 1859 327 1916 trinse'oussuot,
348 1858 436 1920 idest,
455 1860 588 1906 honestate
600 1871 644 1920 ge·
680 1857 753 1908 ferri.
779 1858 822 1908 Ab
833 1859 907 1909 initio
922 1862 1024 1921 statim;
1042 1861 1134 1910 ‘Naue
1148 1862 1211 1910 iliad

116 1937 196 1987 neris.
214 1937 290 1985 Idm.
680 1939 725 1985 eet.
738 1943 824 1984 utrum
834 1937 987 1999 periculum,
995 1952 1027 1985 au
1037 1938 1156 2000 tempus?
1168 1943 1210 1986 est

150 2015 231 2075 Atque
240 2012 330 2074 naimo]
341 2011 373 2061 ld
382 2020 433 2071 est,
444 2010 581 2074 sapientia,
591 2025 644 2060 mo·
681 2011 748 2060 enim
759 2008 878 2075 tanede?
910 2013 974 2065 Quia
989 2013 1079 2062 credat
1091 2013 1211 2062 boccum

115 2089 211 2138 dastia.
243 2089 303 2138 Hoc
320 2087 397 2137 modo
415 2088 494 2150 igitur
504 2087 567 2137 nibil
579 2103 644 2151 prae·
680 2087 764 2150 ipsum
787 2098 887 2151 notare,
914 2089 958 2153 qui
985 2088 1062 2138 modo
1092 2088 1210 2139 dixerat:

116 2166 229 2215 termisit
240 2167 266 2214 in
277 2165 360 2214 laude.
378 2167 453 2214 Idem.
681 2165 771 2214 ‘nunc
785 2167 837 2214 tale
852 2168 983 2228 negotium
1000 2174 1051 2227 est,
1071 2180 1146 2215 nunc·
1158 2167 1214 2216 trie

151 2245 182 2290 ll
199 2240 286 2290 Solem
296 2240 372 2300 uobis,
381 2240 447 2290 Deos
456 2255 542 2304 puoso,
551 2246 578 2290 vt
588 2239 645 2304 siet]
682 2241 825 2303 pericnlum
836 2249 889 2290 est:
902 2249 947 2290 arnt
959 2256 1020 2290 vero
1032 2242 1211 2304 consignifica·
1222 2268 1224 2272 ·

115 2317 202 2368 Quam
215 2317 357 2377 bonusest,
367 2331 444 2381 quum
462 2316 524 2365 nibii
536 2316 568 2366 ad
584 2326 646 2367 voto
682 2316 779 2364 tionem
792 2317 916 2379 temporis
927 2317 1016 2374 babet,
1028 2324 1057 2367 ot
1067 2319 1088 2367 si
1100 2318 1210 2379 diceret,

115 2397 215 2458 prater
225 2394 332 2441 salutem
341 2406 406 2455 opus
416 2391 475 2440 esti
491 2391 567 2442 Idem.
681 2388 784 2453 quando
796 2396 842 2439 ant
858 2405 908 2455 quo
921 2390 1066 2454 temporei'
1083 2391 1143 2456 quid
1156 2393 1212 2456 pie·

147 2468 240 2518 Sosus
250 2481 282 2517 rr.
306 2466 403 2516 Itidem
415 2467 565 2517 Ootouariis
576 2468 645 2518 Iam·
681 2465 756 2514 nius?
771 2465 839 2530 quod
851 2467 894 2530 qni
906 2467 994 2516 statim
1010 2475 1154 2526 repeteret,
1165 2482 1212 2516 nu-

115 2545 183 2596 bicis
201 2543 388 2606 acatalectiois,
406 2550 433 2592 et
443 2543 592 2597 Troebsicis
603 2559 645 2593 ca·
682 2549 789 2604 geretur
800 2542 897 2607 ntique.
929 2542 1117 2604 samartinum,
1132 2544 1211 2593 Auei-

117 2619 248 2670 talecticis
259 2625 369 2669 constat.
387 2633 427 2668 νε.
439 2623 463 2669 1.
482 2619 548 2668 Μεε.
561 2619 645 2670 nostri
682 2617 711 2667 lii
731 2618 793 2667 nibil
810 2617 921 2682 offerant.
937 2625 944 2647 ⁸
958 2619 1023 2668 mire
1040 2619 1212 2682 deproxinso

115 2710 222 2746 omnes:
242 2696 321 2744 sossio
330 2710 407 2745 onmes
418 2710 460 2744 suo
471 2711 492 2744 e.
506 2710 544 2744 vs.
555 2700 582 2746 o.
592 2710 645 2744 om·
683 2694 824 2756 repetitum
841 2700 883 2743 est
898 2692 1033 2758 παρόμοιον,
1051 2696 1069 2745 i.
1082 2710 1106 2745 e.
1123 2693 1214 2745 confe-

116 2786 209 2820 neszo
230 2772 291 2821 bont.
311 2773 435 2836 impurum.
457 2787 495 2822 vs.
518 2776 556 2822 la.
576 2772 644 2823 dno:
681 2767 1215 2836 rantetsfferaut.hocconsenitpraesor·

114 2849 238 2898 iliasntot.
249 2847 313 2906 snm.
331 2848 439 2897 tertius:
457 2848 609 2898 insanium
618 2848 644 2907 s.
682 2843 728 2892 tim
747 2845 878 2895 stomacho
897 2847 981 2896 minus
1001 2847 1080 2893 verba
1091 2847 1214 2897 curantis.

117 2939 156 2973 vs.
168 2929 209 2974 14.
220 2922 287 2972 duo:
304 2937 389 2972 omues.
406 2937 445 2971 νε.
455 2927 495 2972 2⁰.
507 2937 605 2985 omnes,
615 2930 646 2973 ut
681 2919 719 2968 sic
737 2934 825 2982 supra,
843 2932 931 2966 omnes
944 2917 1047 2966 omnia!
1079 2919 1150 2971 Quid
1166 2935 1213 2984 po-

117 2997 253 3047 edidimus.
267 3001 490 3057 vs.22.omnea,ut
500 2998 645 3059 edidimns;
682 3004 736 3047 test
755 2996 838 3058 magis
855 2995 1036 3046 disconvenire
1051 2997 1101 3060 ipsi
1113 2997 1213 3063 iigurae,

116 3076 338 3140 nisi-quodcum.
353 3076 482 3136 impertire.
499 3074 643 3134 mox,doo:
682 3072 880 3138 dequaagitur‚
900 3085 976 3136 qaam
993 3074 1071 3124 amnes
1086 3075 1157 3126 uerba
1171 3093 1211 3127 svs-
1266 3095 1272 3102 “

117 3153 217 3202 oGeto.
232 3166 271 3200 νε.
282 3155 476 3212 27.οιιιιιει,,ιιῑ
487 3149 584 3198 editum
595 3154 644 3200 est.
681 3144 754 3196 rore?
770 3153 807 3209 et,
825 3146 867 3212 qui
884 3147 970 3210 potnit
982 3148 1031 3198 boc
1051 3150 1148 3213 dicere,
1167 3153 1212 3218 qui
1238 3172 1240 3189 =

118 3242 157 3277 vs.
167 3233 209 3278 28.
227 3228 330 3290 itidem,
350 3227 399 3275 nisi
417 3225 485 3288 quod
502 3239 590 3274 omnes
600 3225 645 3273 bs·
682 3222 759 3272 modo
776 3222 808 3271 ad
824 3236 902 3271 omnes
912 3223 990 3273 omnia
1005 3223 1135 3289 duplicem
1147 3227 1212 3292 tigu-

119 3303 182 3351 bent
192 3300 308 3361 obesas.
327 3317 363 3350 vs.
373 3305 414 3351 tl.
426 3314 532 3349 omnes:
547 3299 608 3348 actis
616 3315 646 3350 ne
682 3314 737 3349 ram
748 3306 898 3363 agnoverat,
909 3305 938 3348 et
953 3299 1088 3367 Ciceronis
1101 3305 1215 3352 auctori·

119 3376 253 3428 baronte?
282 3379 315 3426 G.
334 3383 406 3426 certe.
419 3390 460 3426 vs.
479 3378 522 3424 tt.
541 3389 645 3424 omnes:
683 3383 740 3426 tate
752 3375 957 3439 approbaverat?
974 3389 1007 3424 an
1024 3376 1073 3425 boc
1091 3378 1146 3440 ejus
1161 3370 1214 3437 est.

92 3508 95 3512 A
118 3453 175 3517 qvid
196 3455 250 3515 jam
279 3455 368 3502 medos.
393 3458 422 3501 et
440 3465 516 3500 mox:
540 3455 646 3501 mirum
683 3453 726 3519 qni
746 3452 779 3502 ad
797 3451 921 3501 Andriam
939 3452 1095 3515 scripserat:
1114 3454 1213 3505 §Ama-

117 3531 199 3578 AEscb.
219 3545 269 3577 vss.
286 3533 326 3578 35.
338 3533 379 3577 36.
390 3542 456 3576 unus
474 3540 600 3589 meorum,
616 3534 648 3578 ut
683 3530 748 3580 bant
766 3537 868 3578 veteres
887 3528 919 3576 dc
938 3529 1055 3591 proximo
1070 3530 1162 3581 sinitis
1174 3532 1213 3581 di·

118 3605 255 3665 edidimus,
267 3606 333 3653 alter
344 3611 476 3666 corrupte,
487 3603 647 3666 guisenissui
683 3606 770 3655 cerei’
787 3604 866 3654 studii
888 3605 944 3653 baec
965 3605 1064 3655 notatio
1085 3614 1143 3656 est:
1161 3621 1213 3657 noo

115 3681 208 3744 gressio
223 3680 356 3742 posituram
376 3693 473 3742 parvm
487 3679 589 3728 dicebat.
602 3695 646 3742 pn·
682 3683 924 3746 negligentiae‚quae
936 3696 1004 3731 nono
1016 3681 1142 3733 adfertur.
1155 3684 1212 3735 baec

119 3767 181 3809 trem
201 3759 238 3805 ito
255 3757 434 3818 obmcrotrtrum,
454 3761 482 3804 ut
499 3757 583 3806 licem
598 3756 646 3806 sibi
683 3760 743 3808 dum
762 3759 831 3821 dico,
852 3758 951 3808 Donati
971 3757 1073 3821 jndicio
1090 3758 1212 3811 adsersus

117 3837 178 3884 boae
199 3833 226 3881 is
243 3831 494 3881 commonerem
512 3831 646 3895 margines
683 3837 816 3886 Donatum
829 3841 897 3883 utor.
909 3850 966 3884 nam
977 3835 1089 3900 παρόμοια
1104 3843 1131 3886 et
1140 3855 1232 3901 ωερε,Ι

118 3911 158 3974 gai
168 3925 193 3959 se
203 3909 230 3958 ἐν
238 3923 279 3956 sao
288 3908 388 3968 gremio.
401 3908 643 3971 Argentoratensis:
683 3911 793 3974 vonaotm
804 3911 907 3961 admitti
926 3926 984 3961 oum
1002 3915 1103 3962 ratione
1116 3915 1148 3964 ab
1161 3917 1214 3965 eie·

119 3988 160 4049 qui
170 4002 195 4036 se
205 3987 231 4034 in
241 3986 279 4033 sui
295 3984 387 4046 gremio
402 3985 534 4047 positarum
549 3999 647 4048 puerum
684 3987 803 4052 gentibus
826 3986 996 4050 scriptoribus
1018 3987 1139 4051 arbitror,
1160 4005 1212 4043 uon

121 4063 222 4120 dicebat,
238 4068 331 4125 putrem
341 4062 647 4123 itaobsecrntarun,sst1i·
684 4062 760 4111 vaide
782 4061 876 4125 quaeri:
903 4068 931 4111 et
954 4061 981 4110 in
1002 4077 1043 4124 eo,
1069 4062 1174 4115 differre
1196 4082 1213 4118 a

121 4142 185 4185 seret
202 4137 260 4186 banc
276 4137 322 4186 sibi
339 4153 435 4187 uxorem
446 4140 536 4188 desere.
558 4153 595 4186 vs.
606 4142 647 4188 88.
685 4137 773 4186 Plauti
785 4136 902 4185 instituto
912 4137 1062 4186 Terentium
1073 4140 1137 4190 alias
1149 4140 1213 4195 dixi.

121 4226 203 4265 unus:
220 4227 251 4267 vu
261 4214 379 4266 minemo.
399 4215 479 4266 alter:
502 4229 543 4278 nu,
561 4229 593 4267 au
612 4213 647 4265 mi
683 4213 766 4263 Porro
777 4211 812 4262 sd
829 4210 884 4274 illa,
900 4210 1088 4266 ‘Adolescenti
1098 4217 1148 4284 ipsi
1160 4220 1211 4270 ori·
