2670 4702
324 333 509 383 rannnnrt
533 333 697 382 nornen.
719 333 802 382 sor.
826 336 851 382 ι.
875 336 928 384 sc.
949 333 990 384 ιι.
1129 319 1216 384 lton

114 481 172 536 tttr,
187 473 265 539 quati
279 433 651 538 motasstontsgsnussitJad-
688 473 733 524 lib.
747 489 786 526 tx.
820 475 879 528 Jam
895 477 918 526 sl
933 479 1052 526 mortem
1070 473 1154 526 Podte
1172 489 1216 541 po·

114 551 264 600 versarium
274 552 395 602 tacuisse.
414 553 531 601 mmet.
688 551 792 613 suisset,
803 567 878 617 quem
894 551 987 615 frigide
1003 550 1145 601 inferretur
1153 565 1216 604 tunx

119 663 123 668 .
150 626 258 689 Sisqat'd
278 632 367 690 peccat,
387 626 489 689 Demea]
516 626 652 676 Conclusio
689 640 765 674 versu
782 636 919 692 sequente:
936 632 1017 676 annot?
1035 627 1133 676 daliter
1147 642 1164 677 o
1178 640 1216 679 ute
1322 662 1328 678 .

115 701 207 753 dubim
219 703 281 752 reia
292 703 436 752 nondubiis
446 710 556 765 sumpta.
575 703 651 751 Idm.
688 715 741 761 erg.
753 716 810 765 quas
823 703 863 751 vel
877 704 933 752 sols
949 704 1016 751 ratio
1027 704 1156 751 nemiuem
1168 703 1216 753 du·

120 811 126 818 ·
150 777 347 842 Siquidpeoeel,
359 778 460 840 Demea]
476 780 514 840 Τᾷ
529 776 653 840 ίδιωτισμᾷ
690 777 774 826 bitere
796 777 857 826 sinit
885 779 918 825 ds
940 779 1051 828 veritate
1075 779 1217 843 scriptume

114 854 401 917 interposuitDcmeo:
417 862 445 904 et
455 854 596 918 repetitum
603 861 652 916 est,
690 853 941 905 asturensem.

112 935 210 993 punt.
229 929 313 978 Idem.
694 960 698 966 -
722 929 779 977 Olet
797 929 928 991 nemeto]
946 928 1124 979 Asumutoad
1139 930 1217 979 imum

121 1041 126 1049 .
151 1007 186 1053 86
204 1004 447 1066 Egoilliarom'mnot
460 1011 550 1068 mrtem
558 1005 653 1069 serem]
689 1005 822 1068 proposita
833 1006 978 1054 solvuntur.
1012 1006 1049 1055 Et
1059 1007 1124 1056 mira
1135 1007 1217 1055 varis·

115 1078 227 1140 Errant,
246 1078 291 1142 qui
310 1087 404 1140 putent
425 1081 464 1129 illi
481 1096 540 1130 esse
560 1096 653 1145 prono·
690 1088 730 1130 tas
747 1088 797 1141 est,
820 1081 875 1129 Olet
895 1086 1030 1142 tammo:
1055 1096 1087 1130 ne
1108 1082 1218 1143 diceret,

115 1167 285 1217 mem-qutun
307 1155 341 1203 sit
358 1155 511 1206 adverbium
529 1157 595 1205 loci:
613 1162 653 1217 ut,
689 1156 809 1215 obsonet,
825 1162 910 1218 potat,
932 1156 1045 1220 ungitur,
1066 1171 1099 1206 ue
1117 1158 1219 1208 scilicet

116 1232 125 1260 ⁸
139 1230 185 1280 illi
199 1244 256 1279 mea
268 1231 354 1280 tristis
364 1229 427 1293 fata,
437 1233 653 1295 Degeneremque
689 1231 746 1281 hec
767 1232 960 1280 exercitationis
982 1233 1147 1296 palestrino),
1167 1245 1219 1283 non

116 1305 322 1368 Neoptolemum
332 1319 437 1354 narrare
445 1305 593 1357 tuementn.'
609 1306 653 1356 Illi
691 1307 798 1356 luxuriet
810 1307 969 1356 dicerentur.
987 1309 1107 1356 Donum.

117 1393 184 1442 ergo
202 1379 248 1440 ίδί,
263 1379 304 1428 adi
321 1381 362 1428 ills
377 1386 465 1445 procot.
498 1383 586 1433 Quare
599 1383 653 1446 qul·
723 1386 755 1430 38
769 1380 856 1443 Amol]
872 1380 980 1445 nplrrl,
993 1382 1140 1433 Curamat?
1163 1384 1203 1434 ld.

110 1454 182 1505 *dam
205 1456 285 1504 etiam
307 1457 327 1504 li
344 1457 466 1520 syllabam
488 1457 653 1508 discretionis
723 1457 846 1506 Damnst
857 1458 1010 1520 commodum]
1028 1460 1098 1508 Dare
1110 1458 1221 1510 scilicet.

118 1540 249 1591 msa,ut
258 1535 340 1582 locum
351 1533 491 1597 significet,
499 1536 652 1598 corripiunt.
692 1531 768 1583 Idem.

119 1608 159 1659 Et
181 1621 317 1658 moron
344 1615 438 1672 portes·
459 1611 560 1674 optime
578 1611 652 1660 dicit.
723 1609 790 1656 Dum
799 1608 845 1657 erit
855 1609 1009 1672 modam]
1028 1608 1157 1661 Asconius
1168 1610 1220 1661 Pe·

119 1683 264 1742 Nouenim
280 1685 421 1746 autemnon,
440 1687 502 1750 quia
518 1701 569 1735 non
586 1689 653 1735 solus
691 1684 783 1733 dianus
812 1685 838 1732 iu
859 1686 962 1734 Verrin.
985 1698 1023 1734 tv.
1069 1685 1142 1735 ‘Aet
1167 1700 1221 1736 etsta

119 1759 378 1824 paterAEschiniett:
389 1761 654 1827 sedmmquia
684 1761 799 1822 jadicem,
824 1776 892 1825 quem
909 1764 1052 1811 comendam
1070 1769 1131 1812 erut.
1152 1763 1219 1812 ¹Va·

120 1837 179 1900 ηδε
190 1838 272 1900 tnagis
282 1839 415 1902 est,cujue
427 1838 494 1887 filius
505 1839 585 1902 coepit
595 1853 653 1888 erse
691 1843 766 1889 noste
784 1838 870 1899 posuit
890 1852 937 1900 pro
954 1851 995 1897 eo,
1011 1853 1088 1902 quem
1104 1838 1220 1889 volebat.

120 1927 171 1977 per
182 1913 361 1975 adoptionem.
377 1917 451 1965 Idem.
690 1912 734 1962 Sic
745 1914 897 1962 Terentius:
915 1915 1015 1964 ‘amati
1034 1914 1139 1964 dabitur
1152 1929 1221 1967 ame

126 2023 129 2034 .
154 1989 256 2051 Fctum]
272 1989 421 2048 sustinebo,
434 1991 558 2041 tolerabo.
577 1992 653 2042 Iden.
692 1998 837 2053 argentum,
867 1991 927 2039 dum
957 1991 1008 2042 erit
1030 1989 1219 2041 commodum.'

124 2108 129 2114 .
154 2065 653 2130 Egovillimooimomportemfmsuwo-
692 2065 760 2114 Nam
789 2066 918 2116 meretrici
956 2066 1016 2115 dare
1051 2067 1153 2130 qnando
1179 2073 1221 2116 est

120 2147 210 2202 natur,
218 2142 317 2202 illi,i.e.
330 2143 378 2203 ίδί,
387 2143 429 2191 ubi
437 2152 539 2206 peccat,
548 2144 653 2206 occipit.
691 2139 867 2189 commodum?
884 2141 931 2189 sed
943 2149 985 2194 est
996 2142 1108 2202 positum
1120 2157 1167 2206 pro
1178 2157 1220 2205 eo,

121 2223 281 2266 nontamen
297 2218 354 2268 haec
370 2220 425 2267 solu
442 2220 509 2269 totio
523 2218 591 2268 forte
603 2227 654 2280 est,
691 2228 767 2277 quam
778 2214 822 2263 diu
834 2215 954 2265 libuerit!
980 2216 1108 2268 Rectam.

121 2291 287 2354 explicandae
309 2294 391 2355 vocis,
412 2295 512 2358 siquis
539 2295 654 2357 cogitare
727 2289 775 2338 Ubi
792 2290 839 2338 en'l
856 2291 1009 2352 mmmndum]
1031 2291 1159 2340 Asconius
1170 2290 1221 2341 Pe·

123 2368 194 2416 uelit.
212 2367 287 2417 addit
305 2369 422 2418 Donatus
441 2376 583 2432 preterea:
599 2370 655 2419 ‘Et
692 2365 783 2415 dianus
800 2365 826 2414 in
843 2367 979 2414 Verrinam
996 2379 1034 2415 tr.
1054 2367 1121 2415 mole
1136 2367 1222 2429 expli-

121 2441 262 2495 osunen
282 2443 402 2506 partem,'
419 2448 469 2494 &n
505 2445 581 2495 Nunc
599 2445 655 2508 qui·
692 2449 747 2500 cat,
769 2449 798 2490 ut
822 2447 851 2489 et
876 2441 1059 2491 Teubntannus
1085 2441 1112 2489 in
1134 2442 1222 2493 Plant.

122 2517 362 2580 dem,uuiversam.
396 2521 437 2570 lta
457 2521 525 2569 onim
544 2521 656 2570 mordi-
693 2530 755 2580 pag.
765 2520 821 2565 utt,
839 2515 926 2565 Faber.

121 2594 175 2653 cit:
194 2597 224 2644 de
239 2610 299 2645 meo.
330 2596 392 2658 Sed,
410 2597 431 2645 si
447 2610 531 2644 sermo
545 2596 605 2644 ltine
622 2595 655 2647 ad
726 2597 758 2641 89
776 2592 825 2641 ΠΜ
845 2608 892 2642 nott
911 2592 971 2656 erit]
991 2592 1135 2656 Argentum
1152 2592 1222 2644 scili·

122 2671 250 2720 ulteriora
266 2673 416 2734 porrigitur,
434 2672 568 2720 AEsclriuus
584 2674 657 2720 here·
693 2676 752 2720 cet:
769 2669 816 2718 sed
832 2672 976 2720 comodum
990 2671 1223 2735 dotasubandiett·
1329 2725 1333 2731 ,

122 2746 234 2804 ditatum
245 2747 363 2809 Demeae,
379 2761 412 2795 ex
431 2763 482 2810 quo
500 2754 574 2797 natus
591 2754 658 2808 erat,
693 2745 755 2794 duur
766 2754 814 2795 est.
831 2745 948 2796 Donatus.
1013 2775 1016 2781 ·

122 2822 186 2873 olim
200 2835 258 2870 eum
274 2822 431 2885 ctesiphone
449 2822 532 2872 fratre
543 2824 656 2873 debebat
697 2865 700 2869 .
726 2821 838 2869 Fortasse
852 2821 989 2870 excludetur
1001 2821 1083 2882 fos-os]
1108 2822 1168 2870 Hoc
1187 2823 1224 2872 ita

122 2911 243 2949 cernere.
274 2899 348 2947 Sicut
360 2898 470 2947 hebetur
482 2898 550 2948 infra
565 2906 617 2948 act.
630 2912 657 2948 v·
695 2893 894 2958 pr0t11111‚q11³⁸i
907 2894 986 2950 dicat,
999 2895 1060 2941 ¹¹th¹
1071 2894 1121 2942 Sibi
1142 2895 1221 2957 depe·

121 2989 163 3025 te.
175 2978 202 3023 ³.
213 2987 251 3023 vt.
260 2978 303 3023 28.
315 2977 365 3024 &e
384 2975 512 3025 Boeclcrtts.
694 2970 768 3029 risse,
779 2971 800 3017 sl
812 2970 892 3031 gretia
903 2968 971 3018 t‘orte
981 2967 1060 3018 fuerit
1069 2969 1221 3025 adamicata

124 3097 133 3102 .‚
158 3051 215 3110 Ego
225 3048 275 3111 illi]
294 3050 347 3097 Pro
358 3049 476 3109 immun
488 3064 559 3099 egl-0
568 3049 657 3099 obser.
694 3043 827 3093 admissus.
853 3045 981 3092 Ettotum
992 3044 1041 3093 hoe
1051 3045 1086 3108 τᾷ
1095 3045 1222 3106 ἰξονθενισ·

122 3126 199 3176 tavit
211 3126 367 3188 Excerptor.
384 3126 470 3176 Faber.
693 3121 729 3182 μῷ
751 3117 887 3182 legendum
905 3126 953 3168 est.
987 3120 1023 3169 Et
1043 3121 1105 3169 mire
1116 3122 1223 3181 furiosos

157 3204 192 3250 ³⁷
219 3201 336 3262 Obsortot,
353 3207 440 3263 -potut,
461 3202 509 3250 olet
528 3205 657 3262 unguento,
696 3196 770 3256 dicit,
782 3202 811 3242 ut
822 3194 1059 3258 paterindulgens,
1069 3204 1098 3246 et
1112 3197 1222 3247 credens

121 3274 181 3340 qn]
192 3276 313 3324 Πυκνώσσι
324 3276 434 3340 quadarn
446 3277 502 3325 haec
513 3284 658 3327 coacervat.
696 3271 885 3321 adolescentem
905 3287 979 3335 posse
999 3273 1075 3321 etiam
1093 3274 1173 3322 amari
1188 3273 1222 3323 eb

110 3350 211 3405 „Varro
234 3351 280 3399 lib.
300 3364 337 3398 vr.
360 3350 393 3399 dc
413 3352 443 3400 L.
460 3351 491 3401 L.
519 3351 556 3400 ita
575 3352 656 3402 citat:
695 3349 793 3398 amice:
813 3347 943 3398 nonenim
955 3345 1101 3410 affirmavit,
1114 3349 1222 3399 ntdiee·

124 3427 294 3487 ‘Scortumn
316 3432 402 3489 potat,
423 3429 477 3476 olet
499 3438 658 3491 unguentum
694 3433 746 3486 ret,
756 3423 979 3482 eochtdetursorua.
997 3423 1080 3472 Idem.

117 3503 163 3569 -de
172 3502 248 3565 meo,'
258 3504 284 3551 in
295 3518 347 3566 quo
359 3518 409 3552 uon
425 3504 595 3553 dubitandum
608 3511 659 3566 est,
727 3503 840 3552 Fortasse
848 3498 1070 3560 excludetursoros]
1088 3498 1129 3549 Αδ
1140 3501 1223 3551 amica

125 3577 192 3642 quin
212 3592 271 3626 etun
291 3579 418 3628 memoria
435 3577 567 3629 fefellerit.
600 3581 658 3630 Nec
695 3593 732 3628 sc.
751 3592 797 3627 scu
817 3575 962 3626 meretrice.
1004 3577 1124 3624 Donatus
1139 3590 1223 3626 morer

126 3662 235 3703 movent
246 3668 287 3705 me
304 3657 347 3705 Fr.
365 3657 462 3706 Floridi
479 3657 567 3706 Sabini
580 3657 658 3706 ratio·
696 3654 818 3704 Miciouis
839 3653 865 3701 in
885 3666 949 3701 voce
965 3650 1071 3711 fortusse
1093 3652 1219 3714 agnoseit.

125 3743 185 3792 tter,
196 3736 329 3780 ntnmncs
346 3733 431 3794 potius
449 3732 553 3781 codices
564 3733 659 3782 Teren·
697 3730 781 3782 Quem
794 3728 859 3778 vide.
877 3728 1008 3777 Boeelerar.

126 3806 214 3856 tieuos
233 3807 409 3869 corrigendos,
427 3821 509 3872 uuam
535 3805 660 3870 ἁμάρτημα
733 3805 780 3853 vta·
794 3818 839 3852 uon
856 3803 912 3866 erit,
923 3802 1030 3862 fortusse
1043 3804 1179 3862 excludetur
1183 3803 1225 3862 fo.

126 3880 270 3942 μνημονικδν
293 3883 403 3932 Varroni
424 3883 590 3931 tribuendum
614 3898 659 3945 pu·
696 3881 748 3943 ros]
780 3878 992 3940 Elegantissimus
1021 3879 1155 3943 interpret
1185 3882 1223 3931 sic

125 3964 193 4007 tem.
214 3956 284 4006 altas
296 3957 364 4006 enirn
376 3964 404 4005 et
415 3962 560 4018 amentum
571 3957 669 4020 legere
697 3956 793 4004 vertit:
806 3953 925 4012 esame
935 3951 1033 4016 tt'ottrny
1044 3955 1098 4015 plus
1106 3953 1225 4019 d'orgeat,

128 4031 292 4094 deberemus,
304 4032 372 4080 sicut
381 4037 421 4081 est
432 4031 500 4095 epod
509 4032 661 4095 Varronem,
696 4029 863 4094 peut-ineque
870 4029 896 4090 je
906 4030 927 4076 le
936 4027 1055 4092 clamoso
1065 4045 1097 4079 ott
1107 4032 1176 4092 logis.
1186 4033 1224 4083 At

127 4120 181 4155 non
192 4112 322 4169 umento,
333 4114 362 4156 ut
377 4107 474 4155 habent
490 4107 601 4168 codices,
617 4107 661 4157 In·
698 4109 774 4171 longe
785 4106 855 4155 aliud
868 4103 964 4153 Micio:
983 4118 1034 4153 non
1044 4108 1116 4155 enim
1128 4107 1164 4156 de
1178 4123 1224 4157 ex·

130 4192 243 4246 terprea,
265 4191 292 4234 et
306 4183 459 4234 Priscianus
480 4183 526 4236 lib.
541 4197 610 4234 titt.
632 4189 660 4235 et
697 4183 855 4234 elusionem
866 4177 964 4232 edibus
979 4179 1031 4230 suis
1049 4182 1156 4248 cogitet,
1177 4183 1225 4236 ted
