<?xml version="1.0" encoding="UTF-8"?>
<!DOCTYPE html PUBLIC "-//W3C//DTD XHTML 1.0 Transitional//EN"
    "http://www.w3.org/TR/xhtml1/DTD/xhtml1-transitional.dtd">
<html xmlns="http://www.w3.org/1999/xhtml" xml:lang="en" lang="en">
 <head>
  <title>
</title>
<meta http-equiv="Content-Type" content="text/html;charset=utf-8" />
  <meta name='ocr-system' content='tesseract 3.04.00' />
  <meta name='ocr-capabilities' content='ocr_page ocr_carea ocr_par ocr_line ocrx_word'/>
</head>
<body>
  <div class='ocr_page' id='page_1' title='image "./comoedisex02westgoog_0064.png"; bbox 0 0 2676 4710; ppageno 0'>
   <div class='ocr_carea' id='block_1_1' title="bbox 355 298 1209 366">
    <p class='ocr_par' dir='ltr' id='par_1_1' title="bbox 355 298 1209 366">
     <span class='ocr_line' id='line_1_1' title="bbox 355 298 1209 366; baseline -0.002 -2"><span class='ocrx_word' id='word_1_1' title='bbox 355 315 541 365; x_wconf 80' lang='lat' dir='ltr'>uananrrr</span> <span class='ocrx_word' id='word_1_2' title='bbox 564 314 682 364; x_wconf 73' lang='lat' dir='ltr'>unna.</span> <span class='ocrx_word' id='word_1_3' title='bbox 707 315 791 365; x_wconf 78' lang='lat' dir='ltr'>acu.</span> <span class='ocrx_word' id='word_1_4' title='bbox 813 317 838 364; x_wconf 91' lang='grc' dir='ltr'>ι.</span> <span class='ocrx_word' id='word_1_5' title='bbox 861 317 913 366; x_wconf 88' lang='lat' dir='ltr'>so.</span> <span class='ocrx_word' id='word_1_6' title='bbox 939 317 972 364; x_wconf 89' lang='lat' dir='ltr'>v.</span> <span class='ocrx_word' id='word_1_7' title='bbox 1122 298 1209 363; x_wconf 79' lang='lat' dir='ltr'>tort</span> 
     </span>
    </p>
   </div>
   <div class='ocr_carea' id='block_1_2' title="bbox 107 457 1215 2200">
    <p class='ocr_par' dir='ltr' id='par_1_2' title="bbox 107 457 1215 2200">
     <span class='ocr_line' id='line_1_2' title="bbox 107 457 1178 524; baseline -0.002 -15"><span class='ocrx_word' id='word_1_8' title='bbox 107 457 245 521; x_wconf 76' lang='lat' dir='ltr'><strong>Donatus.</strong></span> <span class='ocrx_word' id='word_1_9' title='bbox 679 458 1079 524; x_wconf 68' lang='lat' dir='ltr'>m‚etusaat,etgrarior.1deor.</span> <span class='ocrx_word' id='word_1_10' title='bbox 1159 474 1178 483; x_wconf 46' lang='lat'>*¹</span> 
     </span>
     <span class='ocr_line' id='line_1_3' title="bbox 145 533 1209 600; baseline 0.001 -16"><span class='ocrx_word' id='word_1_11' title='bbox 145 534 230 598; x_wconf 81' lang='lat' dir='ltr'>Soloe]</span> <span class='ocrx_word' id='word_1_12' title='bbox 246 533 361 587; x_wconf 84' lang='lat' dir='ltr'>Difficile</span> <span class='ocrx_word' id='word_1_13' title='bbox 381 540 422 584; x_wconf 84' lang='lat' dir='ltr'>ert</span> <span class='ocrx_word' id='word_1_14' title='bbox 440 533 509 584; x_wconf 87' lang='lat' dir='ltr'>aliud</span> <span class='ocrx_word' id='word_1_15' title='bbox 527 533 644 585; x_wconf 83' lang='lat' dir='ltr'>iuvenire</span> <span class='ocrx_word' id='word_1_16' title='bbox 711 541 742 587; x_wconf 78' lang='grc'>35</span> <span class='ocrx_word' id='word_1_17' title='bbox 772 539 855 599; x_wconf 72' lang='lat' dir='ltr'>Egone</span> <span class='ocrx_word' id='word_1_18' title='bbox 875 540 936 588; x_wconf 76' lang='lat' dir='ltr'>bruc</span> <span class='ocrx_word' id='word_1_19' title='bbox 965 536 1056 600; x_wconf 75' lang='lat' dir='ltr'>emori]</span> <span class='ocrx_word' id='word_1_20' title='bbox 1084 534 1149 587; x_wconf 86' lang='lat' dir='ltr'>Ideo</span> <span class='ocrx_word' id='word_1_21' title='bbox 1171 535 1209 586; x_wconf 85' lang='lat' dir='ltr'>tie</span> 
     </span>
     <span class='ocr_line' id='line_1_4' title="bbox 108 609 1210 679; baseline 0.001 -21"><span class='ocrx_word' id='word_1_22' title='bbox 108 609 234 674; x_wconf 85' lang='lat' dir='ltr'>verbum,</span> <span class='ocrx_word' id='word_1_23' title='bbox 246 610 312 676; x_wconf 88' lang='lat' dir='ltr'>qnod</span> <span class='ocrx_word' id='word_1_24' title='bbox 324 612 360 660; x_wconf 86' lang='lat' dir='ltr'>sie</span> <span class='ocrx_word' id='word_1_25' title='bbox 371 609 526 673; x_wconf 79' lang='lat' dir='ltr'><strong>declinetur,</strong></span> <span class='ocrx_word' id='word_1_26' title='bbox 536 610 607 660; x_wconf 80' lang='lat' dir='ltr'>Soloe</span> <span class='ocrx_word' id='word_1_27' title='bbox 617 617 645 660; x_wconf 90' lang='lat' dir='ltr'>et</span> <span class='ocrx_word' id='word_1_28' title='bbox 680 613 841 678; x_wconf 87' lang='lat' dir='ltr'>Pampbiiuo,</span> <span class='ocrx_word' id='word_1_29' title='bbox 862 615 922 679; x_wconf 85' lang='lat' dir='ltr'>quia</span> <span class='ocrx_word' id='word_1_30' title='bbox 942 614 987 663; x_wconf 88' lang='lat' dir='ltr'>iila</span> <span class='ocrx_word' id='word_1_31' title='bbox 1006 612 1133 662; x_wconf 76' lang='lat' dir='ltr'>invidiose</span> <span class='ocrx_word' id='word_1_32' title='bbox 1157 625 1210 660; x_wconf 91' lang='lat' dir='ltr'>uon</span> 
     </span>
     <span class='ocr_line' id='line_1_5' title="bbox 108 685 1210 753; baseline 0.002 -17"><span class='ocrx_word' id='word_1_33' title='bbox 108 688 217 750; x_wconf 57' lang='lat' dir='ltr'>ntuetr:</span> <span class='ocrx_word' id='word_1_34' title='bbox 229 687 323 752; x_wconf 90' lang='lat' dir='ltr'>quippe</span> <span class='ocrx_word' id='word_1_35' title='bbox 333 687 406 750; x_wconf 81' lang='lat' dir='ltr'>brrjuo</span> <span class='ocrx_word' id='word_1_36' title='bbox 417 686 488 736; x_wconf 81' lang='lat' dir='ltr'>verbi</span> <span class='ocrx_word' id='word_1_37' title='bbox 499 700 546 751; x_wconf 91' lang='lat' dir='ltr'>per</span> <span class='ocrx_word' id='word_1_38' title='bbox 554 685 645 736; x_wconf 87' lang='lat' dir='ltr'>modot</span> <span class='ocrx_word' id='word_1_39' title='bbox 679 690 786 740; x_wconf 60' lang='lat' dir='ltr'>&amp;mere</span> <span class='ocrx_word' id='word_1_40' title='bbox 804 691 908 753; x_wconf 66' lang='lat' dir='ltr'>regom,</span> <span class='ocrx_word' id='word_1_41' title='bbox 926 689 1015 740; x_wconf 75' lang='lat' dir='ltr'>dixit:</span> <span class='ocrx_word' id='word_1_42' title='bbox 1038 687 1093 752; x_wconf 80' lang='lat' dir='ltr'>ted,</span> <span class='ocrx_word' id='word_1_43' title='bbox 1107 689 1210 738; x_wconf 69' lang='lat' dir='ltr'>dtoeror.</span> 
     </span>
     <span class='ocr_line' id='line_1_6' title="bbox 110 763 1203 824; baseline 0 -11"><span class='ocrx_word' id='word_1_44' title='bbox 110 769 159 819; x_wconf 79' lang='lat' dir='ltr'>eet</span> <span class='ocrx_word' id='word_1_45' title='bbox 170 779 227 814; x_wconf 86' lang='lat' dir='ltr'>rara</span> <span class='ocrx_word' id='word_1_46' title='bbox 237 763 383 814; x_wconf 86' lang='lat' dir='ltr'>declinatio.</span> <span class='ocrx_word' id='word_1_47' title='bbox 401 763 477 824; x_wconf 73' lang='lat' dir='ltr'>idem.</span> <span class='ocrx_word' id='word_1_48' title='bbox 680 765 765 816; x_wconf 89' lang='lat' dir='ltr'>Idem.</span> <span class='ocrx_word' id='word_1_49' title='bbox 912 804 916 811; x_wconf 88' lang='grc'><em>,</em></span> <span class='ocrx_word' id='word_1_50' title='bbox 1201 815 1203 822; x_wconf 76' lang='grc'><strong>,</strong></span> 
     </span>
     <span class='ocr_line' id='line_1_7' title="bbox 151 837 1209 906; baseline 0 -16"><span class='ocrx_word' id='word_1_51' title='bbox 151 840 211 898; x_wconf 81' lang='lat' dir='ltr'>Qaio</span> <span class='ocrx_word' id='word_1_52' title='bbox 227 840 266 890; x_wconf 81' lang='lat' dir='ltr'>bie</span> <span class='ocrx_word' id='word_1_53' title='bbox 284 838 399 903; x_wconf 79' lang='lat' dir='ltr'>loquitur]</span> <span class='ocrx_word' id='word_1_54' title='bbox 417 837 579 902; x_wconf 82' lang='lat' dir='ltr'>Principium</span> <span class='ocrx_word' id='word_1_55' title='bbox 598 839 645 889; x_wconf 84' lang='lat' dir='ltr'>&#39;l&#39;e-</span> <span class='ocrx_word' id='word_1_56' title='bbox 714 841 980 906; x_wconf 76' lang='lat' dir='ltr'>Egoaeittaeeoaori]</span> <span class='ocrx_word' id='word_1_57' title='bbox 996 841 1057 899; x_wconf 88' lang='lat' dir='ltr'>Non</span> <span class='ocrx_word' id='word_1_58' title='bbox 1071 838 1209 904; x_wconf 81' lang='lat' dir='ltr'>perficere,</span> 
     </span>
     <span class='ocr_line' id='line_1_8' title="bbox 111 914 1210 984; baseline -0.001 -18"><span class='ocrx_word' id='word_1_59' title='bbox 111 915 260 979; x_wconf 77' lang='lat' dir='ltr'>rentiauorn</span> <span class='ocrx_word' id='word_1_60' title='bbox 288 916 316 966; x_wconf 91' lang='lat' dir='ltr'>in</span> <span class='ocrx_word' id='word_1_61' title='bbox 345 914 486 978; x_wconf 72' lang='lat' dir='ltr'>jungendis</span> <span class='ocrx_word' id='word_1_62' title='bbox 519 914 645 978; x_wconf 76' lang='lat' dir='ltr'>personia.</span> <span class='ocrx_word' id='word_1_63' title='bbox 680 917 826 969; x_wconf 83' lang='lat' dir='ltr'>tedeouari</span> <span class='ocrx_word' id='word_1_64' title='bbox 836 920 904 969; x_wconf 79' lang='lat' dir='ltr'>vetio</span> <span class='ocrx_word' id='word_1_65' title='bbox 915 918 1013 984; x_wconf 88' lang='lat' dir='ltr'>aliquid</span> <span class='ocrx_word' id='word_1_66' title='bbox 1023 917 1055 967; x_wconf 90' lang='lat' dir='ltr'>ad</span> <span class='ocrx_word' id='word_1_67' title='bbox 1067 917 1161 978; x_wconf 79' lang='lat' dir='ltr'>meina,</span> <span class='ocrx_word' id='word_1_68' title='bbox 1171 915 1210 967; x_wconf 80' lang='lat' dir='ltr'>et‘·</span> 
     </span>
     <span class='ocr_line' id='line_1_9' title="bbox 110 990 1212 1058; baseline 0.003 -17"><span class='ocrx_word' id='word_1_69' title='bbox 110 990 189 1041; x_wconf 84' lang='lat' dir='ltr'>Idem.</span> <span class='ocrx_word' id='word_1_70' title='bbox 295 1016 297 1020; x_wconf 20' lang='grc' dir='ltr'><em>Α</em></span> <span class='ocrx_word' id='word_1_71' title='bbox 641 1038 644 1047; x_wconf 93' lang='grc'>,</span> <span class='ocrx_word' id='word_1_72' title='bbox 680 991 762 1044; x_wconf 77' lang='lat' dir='ltr'>tectio</span> <span class='ocrx_word' id='word_1_73' title='bbox 779 1001 829 1057; x_wconf 85' lang='lat' dir='ltr'>eat,</span> <span class='ocrx_word' id='word_1_74' title='bbox 846 995 925 1044; x_wconf 90' lang='lat' dir='ltr'>etiam</span> <span class='ocrx_word' id='word_1_75' title='bbox 942 992 1212 1058; x_wconf 78' lang='lat' dir='ltr'>ainonpoteettieria</span> 
     </span>
     <span class='ocr_line' id='line_1_10' title="bbox 147 1065 1211 1133; baseline 0.002 -17"><span class='ocrx_word' id='word_1_76' title='bbox 147 1066 257 1130; x_wconf 82' lang='lat' dir='ltr'>Oroioe]</span> <span class='ocrx_word' id='word_1_77' title='bbox 271 1069 302 1131; x_wconf 89' lang='lat'>0,</span> <span class='ocrx_word' id='word_1_78' title='bbox 316 1066 464 1130; x_wconf 80' lang='lat' dir='ltr'>interjectio</span> <span class='ocrx_word' id='word_1_79' title='bbox 475 1066 589 1131; x_wconf 76' lang='lat' dir='ltr'>optantis</span> <span class='ocrx_word' id='word_1_80' title='bbox 600 1065 645 1116; x_wconf 76' lang='lat' dir='ltr'>td·</span> <span class='ocrx_word' id='word_1_81' title='bbox 679 1071 722 1121; x_wconf 84' lang='lat' dir='ltr'>iaie</span> <span class='ocrx_word' id='word_1_82' title='bbox 733 1072 800 1122; x_wconf 89' lang='lat' dir='ltr'>euim</span> <span class='ocrx_word' id='word_1_83' title='bbox 813 1072 942 1133; x_wconf 76' lang='lat' dir='ltr'>voluntte,</span> <span class='ocrx_word' id='word_1_84' title='bbox 958 1085 1009 1120; x_wconf 91' lang='lat' dir='ltr'>non</span> <span class='ocrx_word' id='word_1_85' title='bbox 1024 1068 1122 1119; x_wconf 81' lang='lat' dir='ltr'>factum</span> <span class='ocrx_word' id='word_1_86' title='bbox 1138 1069 1211 1118; x_wconf 85' lang='lat' dir='ltr'>dam-</span> 
     </span>
     <span class='ocr_line' id='line_1_11' title="bbox 111 1143 1209 1213; baseline 0.001 -18"><span class='ocrx_word' id='word_1_87' title='bbox 111 1149 288 1205; x_wconf 67' lang='lat' dir='ltr'>rentumant</span> <span class='ocrx_word' id='word_1_88' title='bbox 302 1143 545 1207; x_wconf 85' lang='lat' dir='ltr'>repentepercuiai.</span> <span class='ocrx_word' id='word_1_89' title='bbox 562 1143 640 1193; x_wconf 86' lang='lat' dir='ltr'>Idem.</span> <span class='ocrx_word' id='word_1_90' title='bbox 680 1154 773 1199; x_wconf 86' lang='lat' dir='ltr'>natur:</span> <span class='ocrx_word' id='word_1_91' title='bbox 800 1157 829 1197; x_wconf 93' lang='lat' dir='ltr'>ut</span> <span class='ocrx_word' id='word_1_92' title='bbox 850 1148 986 1213; x_wconf 71' lang='lat' dir='ltr'>Virgilius,</span> <span class='ocrx_word' id='word_1_93' title='bbox 1007 1145 1091 1196; x_wconf 78' lang='lat' dir='ltr'>‘Atrei</span> <span class='ocrx_word' id='word_1_94' title='bbox 1120 1160 1209 1196; x_wconf 72' lang='lat' dir='ltr'>omnen</span> 
     </span>
     <span class='ocr_line' id='line_1_12' title="bbox 148 1216 1210 1288; baseline -0.004 -13"><span class='ocrx_word' id='word_1_95' title='bbox 148 1220 214 1275; x_wconf 62' lang='lat' dir='ltr'>Quid</span> <span class='ocrx_word' id='word_1_96' title='bbox 227 1219 293 1282; x_wconf 71' lang='lat' dir='ltr'>ecit]</span> <span class='ocrx_word' id='word_1_97' title='bbox 315 1217 452 1268; x_wconf 69' lang='lat' dir='ltr'>Amittit</span> <span class='ocrx_word' id='word_1_98' title='bbox 468 1227 495 1268; x_wconf 74' lang='lat' dir='ltr'>tt</span> <span class='ocrx_word' id='word_1_99' title='bbox 511 1216 645 1268; x_wconf 68' lang='lat' dir='ltr'>familiari·</span> <span class='ocrx_word' id='word_1_100' title='bbox 680 1223 792 1275; x_wconf 90' lang='lat' dir='ltr'>immane</span> <span class='ocrx_word' id='word_1_101' title='bbox 804 1223 1012 1288; x_wconf 64' lang='lat' dir='ltr'>autumnoque</span> <span class='ocrx_word' id='word_1_102' title='bbox 1024 1220 1121 1286; x_wconf 70' lang='lat' dir='ltr'>potiti!</span> <span class='ocrx_word' id='word_1_103' title='bbox 1133 1222 1210 1272; x_wconf 78' lang='lat' dir='ltr'>ideae.</span> 
     </span>
     <span class='ocr_line' id='line_1_13' title="bbox 111 1293 1210 1364; baseline -0.003 -18"><span class='ocrx_word' id='word_1_104' title='bbox 111 1295 395 1359; x_wconf 81' lang='lat' dir='ltr'>teruouaddiditquae.</span> <span class='ocrx_word' id='word_1_105' title='bbox 411 1293 551 1359; x_wconf 78' lang='lat' dir='ltr'>Virgilius:</span> <span class='ocrx_word' id='word_1_106' title='bbox 562 1295 645 1346; x_wconf 77' lang='lat' dir='ltr'>‘Qua</span> <span class='ocrx_word' id='word_1_107' title='bbox 715 1300 817 1364; x_wconf 68' lang='lat' dir='ltr'>Conari]</span> <span class='ocrx_word' id='word_1_108' title='bbox 842 1301 938 1350; x_wconf 66' lang='lat' dir='ltr'>Larius</span> <span class='ocrx_word' id='word_1_109' title='bbox 955 1305 997 1349; x_wconf 72' lang='lat' dir='ltr'>est</span> <span class='ocrx_word' id='word_1_110' title='bbox 1010 1297 1111 1360; x_wconf 80' lang='lat' dir='ltr'>conari,</span> <span class='ocrx_word' id='word_1_111' title='bbox 1132 1312 1210 1362; x_wconf 84' lang='lat' dir='ltr'>quam</span> 
     </span>
     <span class='ocr_line' id='line_1_14' title="bbox 111 1371 1164 1437; baseline 0 -17"><span class='ocrx_word' id='word_1_112' title='bbox 111 1371 174 1421; x_wconf 84' lang='lat' dir='ltr'>mihi</span> <span class='ocrx_word' id='word_1_113' title='bbox 194 1371 289 1421; x_wconf 90' lang='lat' dir='ltr'>reddat</span> <span class='ocrx_word' id='word_1_114' title='bbox 308 1385 374 1434; x_wconf 88' lang='lat' dir='ltr'>earu,</span> <span class='ocrx_word' id='word_1_115' title='bbox 392 1373 434 1420; x_wconf 84' lang='lat' dir='ltr'>vel</span> <span class='ocrx_word' id='word_1_116' title='bbox 453 1385 485 1422; x_wconf 90' lang='lat' dir='ltr'>eo</span> <span class='ocrx_word' id='word_1_117' title='bbox 502 1385 544 1422; x_wconf 87' lang='lat' dir='ltr'>rue</span> <span class='ocrx_word' id='word_1_118' title='bbox 559 1371 645 1437; x_wconf 76' lang='lat' dir='ltr'>eoiret</span> <span class='ocrx_word' id='word_1_119' title='bbox 680 1375 875 1428; x_wconf 19' lang='lat' dir='ltr'>facere..[dem.</span> <span class='ocrx_word' id='word_1_120' title='bbox 1161 1397 1164 1400; x_wconf 57' lang='lat'><strong>&gt;</strong></span> 
     </span>
     <span class='ocr_line' id='line_1_15' title="bbox 112 1449 1214 1517; baseline -0.001 -18"><span class='ocrx_word' id='word_1_121' title='bbox 112 1449 262 1500; x_wconf 67' lang='lat' dir='ltr'>amantem!</span> <span class='ocrx_word' id='word_1_122' title='bbox 279 1450 354 1499; x_wconf 80' lang='lat' dir='ltr'>idem.</span> <span class='ocrx_word' id='word_1_123' title='bbox 427 1486 429 1489; x_wconf 30' lang='grc' dir='ltr'>ψ</span> <span class='ocrx_word' id='word_1_124' title='bbox 714 1456 797 1517; x_wconf 80' lang='lat' dir='ltr'>Egone</span> <span class='ocrx_word' id='word_1_125' title='bbox 808 1455 886 1503; x_wconf 78' lang='lat' dir='ltr'>iotbue</span> <span class='ocrx_word' id='word_1_126' title='bbox 896 1449 1214 1515; x_wconf 78' lang='lat' dir='ltr'>eorarriqueoru]Hoeloco¹</span> 
     </span>
     <span class='ocr_line' id='line_1_16' title="bbox 144 1525 1214 1593; baseline -0.003 -16"><span class='ocrx_word' id='word_1_127' title='bbox 144 1526 461 1591; x_wconf 72' lang='lat' dir='ltr'>Rogo1uentaquaeoam</span> <span class='ocrx_word' id='word_1_128' title='bbox 474 1531 501 1577; x_wconf 87' lang='lat' dir='ltr'>et</span> <span class='ocrx_word' id='word_1_129' title='bbox 512 1526 596 1587; x_wconf 78' lang='lat' dir='ltr'>triotia</span> <span class='ocrx_word' id='word_1_130' title='bbox 604 1534 645 1577; x_wconf 85' lang='lat' dir='ltr'>eat</span> <span class='ocrx_word' id='word_1_131' title='bbox 679 1531 762 1583; x_wconf 81' lang='lat' dir='ltr'>coitari</span> <span class='ocrx_word' id='word_1_132' title='bbox 778 1538 819 1580; x_wconf 83' lang='lat' dir='ltr'>eat</span> <span class='ocrx_word' id='word_1_133' title='bbox 839 1529 955 1593; x_wconf 72' lang='lat' dir='ltr'>cogitare</span> <span class='ocrx_word' id='word_1_134' title='bbox 966 1544 973 1578; x_wconf 77' lang='lat' dir='ltr'>z</span> <span class='ocrx_word' id='word_1_135' title='bbox 996 1528 1098 1578; x_wconf 84' lang='lat' dir='ltr'>Cicero.</span> <span class='ocrx_word' id='word_1_136' title='bbox 1108 1525 1214 1575; x_wconf 71' lang='lat' dir='ltr'>‘Teren·.</span> 
     </span>
     <span class='ocr_line' id='line_1_17' title="bbox 111 1602 1210 1666; baseline -0.003 -14"><span class='ocrx_word' id='word_1_137' title='bbox 111 1602 257 1666; x_wconf 73' lang='lat' dir='ltr'>responsio,</span> <span class='ocrx_word' id='word_1_138' title='bbox 268 1611 297 1654; x_wconf 91' lang='lat' dir='ltr'>et</span> <span class='ocrx_word' id='word_1_139' title='bbox 309 1602 398 1666; x_wconf 88' lang='lat' dir='ltr'>dolore</span> <span class='ocrx_word' id='word_1_140' title='bbox 409 1602 495 1664; x_wconf 88' lang='lat' dir='ltr'>plena.</span> <span class='ocrx_word' id='word_1_141' title='bbox 510 1602 589 1651; x_wconf 78' lang='lat' dir='ltr'>[drot.</span> <span class='ocrx_word' id='word_1_142' title='bbox 680 1605 732 1656; x_wconf 84' lang='lat' dir='ltr'>tina</span> <span class='ocrx_word' id='word_1_143' title='bbox 760 1605 796 1662; x_wconf 19' lang='lat' dir='ltr'>in,</span> <span class='ocrx_word' id='word_1_144' title='bbox 818 1604 985 1665; x_wconf 81' lang='lat' dir='ltr'><strong>Phormione,</strong></span> <span class='ocrx_word' id='word_1_145' title='bbox 1009 1607 1062 1651; x_wconf 88' lang='lat' dir='ltr'>aet.</span> <span class='ocrx_word' id='word_1_146' title='bbox 1086 1614 1107 1650; x_wconf 86' lang='lat'>1.</span> <span class='ocrx_word' id='word_1_147' title='bbox 1128 1615 1165 1650; x_wconf 84' lang='lat' dir='ltr'>re.</span> <span class='ocrx_word' id='word_1_148' title='bbox 1184 1604 1210 1649; x_wconf 78' lang='lat'>2.</span> 
     </span>
     <span class='ocr_line' id='line_1_18' title="bbox 143 1674 1215 1743; baseline -0.004 -15"><span class='ocrx_word' id='word_1_149' title='bbox 143 1683 177 1728; x_wconf 89' lang='grc'>33</span> <span class='ocrx_word' id='word_1_150' title='bbox 195 1679 301 1731; x_wconf 76' lang='lat' dir='ltr'><em>Laborat</em></span> <span class='ocrx_word' id='word_1_151' title='bbox 318 1695 331 1728; x_wconf 89' lang='lat' dir='ltr'>e</span> <span class='ocrx_word' id='word_1_152' title='bbox 346 1678 437 1741; x_wconf 66' lang='lat' dir='ltr'>doure]</span> <span class='ocrx_word' id='word_1_153' title='bbox 455 1677 595 1740; x_wconf 83' lang='lat' dir='ltr'>Dupiieem</span> <span class='ocrx_word' id='word_1_154' title='bbox 608 1678 646 1726; x_wconf 88' lang='lat' dir='ltr'>la·</span> <span class='ocrx_word' id='word_1_155' title='bbox 679 1680 735 1730; x_wconf 79' lang='lat' dir='ltr'>‘At</span> <span class='ocrx_word' id='word_1_156' title='bbox 750 1695 798 1743; x_wconf 83' lang='lat' dir='ltr'>ego</span> <span class='ocrx_word' id='word_1_157' title='bbox 815 1680 917 1731; x_wconf 81' lang='lat' dir='ltr'>obviarn</span> <span class='ocrx_word' id='word_1_158' title='bbox 934 1679 1048 1730; x_wconf 86' lang='lat' dir='ltr'>conabar</span> <span class='ocrx_word' id='word_1_159' title='bbox 1059 1674 1124 1728; x_wconf 65' lang='lat' dir='ltr'>tibi)</span> <span class='ocrx_word' id='word_1_160' title='bbox 1150 1676 1215 1733; x_wconf 65' lang='lat' dir='ltr'>(iai-⁴</span> 
     </span>
     <span class='ocr_line' id='line_1_19' title="bbox 110 1752 1213 1820; baseline 0.001 -15"><span class='ocrx_word' id='word_1_161' title='bbox 110 1754 215 1817; x_wconf 45' lang='lat' dir='ltr'>bouem,</span> <span class='ocrx_word' id='word_1_162' title='bbox 232 1754 349 1817; x_wconf 83' lang='lat' dir='ltr'>Glycerii</span> <span class='ocrx_word' id='word_1_163' title='bbox 378 1767 435 1802; x_wconf 83' lang='lat' dir='ltr'>erae</span> <span class='ocrx_word' id='word_1_164' title='bbox 459 1752 534 1815; x_wconf 82' lang='lat' dir='ltr'>dicit,</span> <span class='ocrx_word' id='word_1_165' title='bbox 567 1768 645 1803; x_wconf 90' lang='lat' dir='ltr'>unum</span> <span class='ocrx_word' id='word_1_166' title='bbox 680 1756 747 1806; x_wconf 82' lang='lat' dir='ltr'>tice:</span> <span class='ocrx_word' id='word_1_167' title='bbox 765 1757 800 1806; x_wconf 82' lang='lat' dir='ltr'>Et</span> <span class='ocrx_word' id='word_1_168' title='bbox 816 1757 864 1806; x_wconf 84' lang='lat' dir='ltr'>moi</span> <span class='ocrx_word' id='word_1_169' title='bbox 883 1757 912 1819; x_wconf 72' lang='lat' dir='ltr'>je</span> <span class='ocrx_word' id='word_1_170' title='bbox 926 1755 1133 1820; x_wconf 80' lang='lat' dir='ltr'>rougeoitdootu</span> <span class='ocrx_word' id='word_1_171' title='bbox 1150 1753 1213 1805; x_wconf 79' lang='lat' dir='ltr'>otior.</span> 
     </span>
     <span class='ocr_line' id='line_1_20' title="bbox 110 1828 891 1895; baseline 0.01 -17"><span class='ocrx_word' id='word_1_172' title='bbox 110 1828 295 1895; x_wconf 72' lang='lat' dir='ltr'>partitudinis,</span> <span class='ocrx_word' id='word_1_173' title='bbox 319 1830 428 1879; x_wconf 88' lang='lat' dir='ltr'>aiterum</span> <span class='ocrx_word' id='word_1_174' title='bbox 451 1843 521 1880; x_wconf 73' lang='lat' dir='ltr'>curre</span> <span class='ocrx_word' id='word_1_175' title='bbox 545 1835 573 1879; x_wconf 90' lang='lat' dir='ltr'>et</span> <span class='ocrx_word' id='word_1_176' title='bbox 594 1830 644 1879; x_wconf 76' lang='lat' dir='ltr'>eoi·</span> <span class='ocrx_word' id='word_1_177' title='bbox 679 1836 781 1884; x_wconf 72' lang='lat' dir='ltr'>trouma</span> <span class='ocrx_word' id='word_1_178' title='bbox 797 1835 891 1886; x_wconf 80' lang='lat' dir='ltr'><strong>Faber.</strong></span> 
     </span>
     <span class='ocr_line' id='line_1_21' title="bbox 110 1905 1210 1974; baseline -0.004 -17"><span class='ocrx_word' id='word_1_179' title='bbox 110 1905 409 1969; x_wconf 83' lang='lat' dir='ltr'>licitudinirnuptiarurn</span> <span class='ocrx_word' id='word_1_180' title='bbox 417 1905 557 1968; x_wconf 81' lang='lat' dir='ltr'>Pamphili.</span> <span class='ocrx_word' id='word_1_181' title='bbox 569 1906 645 1958; x_wconf 82' lang='lat' dir='ltr'>idem.</span> <span class='ocrx_word' id='word_1_182' title='bbox 710 1913 743 1959; x_wconf 81' lang='grc'>33</span> <span class='ocrx_word' id='word_1_183' title='bbox 760 1911 844 1972; x_wconf 78' lang='lat' dir='ltr'>Egone</span> <span class='ocrx_word' id='word_1_184' title='bbox 865 1914 963 1974; x_wconf 83' lang='lat' dir='ltr'>propter</span> <span class='ocrx_word' id='word_1_185' title='bbox 983 1907 1030 1972; x_wconf 83' lang='lat' dir='ltr'>me]</span> <span class='ocrx_word' id='word_1_186' title='bbox 1056 1907 1155 1970; x_wconf 74' lang='lat' dir='ltr'>Magna</span> <span class='ocrx_word' id='word_1_187' title='bbox 1170 1905 1210 1954; x_wconf 84' lang='lat' dir='ltr'>rie</span> 
     </span>
     <span class='ocr_line' id='line_1_22' title="bbox 142 1979 1209 2049; baseline -0.002 -15"><span class='ocrx_word' id='word_1_188' title='bbox 142 1981 272 2034; x_wconf 78' lang='lat' dir='ltr'>Luborute</span> <span class='ocrx_word' id='word_1_189' title='bbox 281 1980 371 2044; x_wconf 83' lang='lat' dir='ltr'>dolore]</span> <span class='ocrx_word' id='word_1_190' title='bbox 382 1979 482 2031; x_wconf 83' lang='lat' dir='ltr'>Coiiide</span> <span class='ocrx_word' id='word_1_191' title='bbox 492 1981 644 2044; x_wconf 75' lang='lat' dir='ltr'>aggreditur</span> <span class='ocrx_word' id='word_1_192' title='bbox 679 1991 720 2036; x_wconf 89' lang='lat' dir='ltr'>ett</span> <span class='ocrx_word' id='word_1_193' title='bbox 730 1985 755 2033; x_wconf 90' lang='lat' dir='ltr'>iu</span> <span class='ocrx_word' id='word_1_194' title='bbox 768 1987 977 2049; x_wconf 76' lang='lat' dir='ltr'>pronominibus:</span> <span class='ocrx_word' id='word_1_195' title='bbox 990 1992 1018 2033; x_wconf 88' lang='lat' dir='ltr'>et</span> <span class='ocrx_word' id='word_1_196' title='bbox 1029 1984 1209 2047; x_wconf 78' lang='lat' dir='ltr'>diverterunt,</span> 
     </span>
     <span class='ocr_line' id='line_1_23' title="bbox 108 2057 1210 2129; baseline 0.002 -23"><span class='ocrx_word' id='word_1_197' title='bbox 108 2057 250 2121; x_wconf 70' lang='lat' dir='ltr'>juvenem</span> <span class='ocrx_word' id='word_1_198' title='bbox 269 2072 329 2107; x_wconf 89' lang='lat' dir='ltr'>nam</span> <span class='ocrx_word' id='word_1_199' title='bbox 345 2064 483 2122; x_wconf 88' lang='lat' dir='ltr'>utrumque</span> <span class='ocrx_word' id='word_1_200' title='bbox 496 2066 603 2124; x_wconf 88' lang='lat' dir='ltr'>propter</span> <span class='ocrx_word' id='word_1_201' title='bbox 615 2061 644 2110; x_wconf 87' lang='lat' dir='ltr'>ii·</span> <span class='ocrx_word' id='word_1_202' title='bbox 679 2066 707 2110; x_wconf 90' lang='lat' dir='ltr'>et</span> <span class='ocrx_word' id='word_1_203' title='bbox 717 2060 825 2124; x_wconf 83' lang='lat' dir='ltr'>ringula,</span> <span class='ocrx_word' id='word_1_204' title='bbox 837 2067 864 2110; x_wconf 90' lang='lat' dir='ltr'>et</span> <span class='ocrx_word' id='word_1_205' title='bbox 875 2076 926 2111; x_wconf 91' lang='lat' dir='ltr'>non</span> <span class='ocrx_word' id='word_1_206' title='bbox 938 2060 1146 2124; x_wconf 73' lang='lat' dir='ltr'>praecipitantur,</span> <span class='ocrx_word' id='word_1_207' title='bbox 1159 2073 1210 2129; x_wconf 79' lang='lat' dir='ltr'>neo</span> 
     </span>
     <span class='ocr_line' id='line_1_24' title="bbox 111 2133 1209 2200; baseline 0.002 -19"><span class='ocrx_word' id='word_1_208' title='bbox 111 2133 163 2183; x_wconf 86' lang='lat' dir='ltr'>ium</span> <span class='ocrx_word' id='word_1_209' title='bbox 183 2134 331 2198; x_wconf 87' lang='lat' dir='ltr'>perpetitur</span> <span class='ocrx_word' id='word_1_210' title='bbox 347 2141 375 2186; x_wconf 90' lang='lat' dir='ltr'>et</span> <span class='ocrx_word' id='word_1_211' title='bbox 387 2135 500 2187; x_wconf 84' lang='lat' dir='ltr'>dolorem</span> <span class='ocrx_word' id='word_1_212' title='bbox 513 2143 541 2186; x_wconf 90' lang='lat' dir='ltr'>et</span> <span class='ocrx_word' id='word_1_213' title='bbox 559 2137 644 2195; x_wconf 80' lang='lat' dir='ltr'>notici-</span> <span class='ocrx_word' id='word_1_214' title='bbox 679 2136 802 2188; x_wconf 89' lang='lat' dir='ltr'>dicuntur</span> <span class='ocrx_word' id='word_1_215' title='bbox 814 2151 864 2186; x_wconf 88' lang='grc' dir='ltr'>ιιιιο</span> <span class='ocrx_word' id='word_1_216' title='bbox 876 2137 987 2200; x_wconf 74' lang='lat' dir='ltr'>spiritu:</span> <span class='ocrx_word' id='word_1_217' title='bbox 1006 2136 1073 2185; x_wconf 84' lang='lat' dir='ltr'>oiont</span> <span class='ocrx_word' id='word_1_218' title='bbox 1084 2135 1110 2184; x_wconf 91' lang='lat' dir='ltr'>in</span> <span class='ocrx_word' id='word_1_219' title='bbox 1121 2136 1209 2184; x_wconf 90' lang='lat' dir='ltr'>Eunu·</span> 
     </span>
    </p>
   </div>
   <div class='ocr_carea' id='block_1_3' title="bbox 112 2200 1298 2277">
    <p class='ocr_par' dir='ltr' id='par_1_3' title="bbox 112 2200 1298 2277">
     <span class='ocr_line' id='line_1_25' title="bbox 112 2200 1298 2277; baseline -0.001 -19"><span class='ocrx_word' id='word_1_220' title='bbox 112 2200 239 2262; x_wconf 81' lang='lat' dir='ltr'>tudinem.</span> <span class='ocrx_word' id='word_1_221' title='bbox 255 2211 332 2260; x_wconf 84' lang='lat' dir='ltr'>Idem.</span> <span class='ocrx_word' id='word_1_222' title='bbox 680 2213 738 2276; x_wconf 85' lang='lat' dir='ltr'>ebo,</span> <span class='ocrx_word' id='word_1_223' title='bbox 758 2214 866 2277; x_wconf 85' lang='lat' dir='ltr'>‘Egone</span> <span class='ocrx_word' id='word_1_224' title='bbox 882 2213 961 2274; x_wconf 87' lang='lat' dir='ltr'>iiiam,</span> <span class='ocrx_word' id='word_1_225' title='bbox 978 2225 1036 2275; x_wconf 86' lang='lat' dir='ltr'>quae</span> <span class='ocrx_word' id='word_1_226' title='bbox 1050 2225 1100 2272; x_wconf 87' lang='lat' dir='ltr'>rue,</span> <span class='ocrx_word' id='word_1_227' title='bbox 1110 2224 1168 2275; x_wconf 72' lang='lat' dir='ltr'>qua</span> <span class='ocrx_word' id='word_1_228' title='bbox 1180 2209 1210 2257; x_wconf 92' lang='lat' dir='ltr'>il·</span> <span class='ocrx_word' id='word_1_229' title='bbox 1294 2208 1298 2223; x_wconf 84' lang='lat'>&#39;</span> 
     </span>
    </p>
   </div>
   <div class='ocr_carea' id='block_1_4' title="bbox 111 2275 1212 3796">
    <p class='ocr_par' dir='ltr' id='par_1_4' title="bbox 111 2275 1212 3796">
     <span class='ocr_line' id='line_1_26' title="bbox 142 2275 1211 2353; baseline -0.002 -18"><span class='ocrx_word' id='word_1_230' title='bbox 142 2285 224 2350; x_wconf 80' lang='lat' dir='ltr'>Atque</span> <span class='ocrx_word' id='word_1_231' title='bbox 241 2300 272 2336; x_wconf 79' lang='lat' dir='ltr'>ex</span> <span class='ocrx_word' id='word_1_232' title='bbox 290 2285 344 2351; x_wconf 83' lang='lat' dir='ltr'>boe]</span> <span class='ocrx_word' id='word_1_233' title='bbox 365 2287 458 2353; x_wconf 75' lang='lat' dir='ltr'>Mysia,</span> <span class='ocrx_word' id='word_1_234' title='bbox 478 2275 534 2352; x_wconf 77' lang='lat' dir='ltr'>quaa</span> <span class='ocrx_word' id='word_1_235' title='bbox 551 2295 644 2353; x_wconf 85' lang='lat' dir='ltr'>eontra</span> <span class='ocrx_word' id='word_1_236' title='bbox 679 2287 1211 2350; x_wconf 67' lang='lat' dir='ltr'>iumi&#39;Quoeiitum,deeat,amat:mate,</span> 
     </span>
     <span class='ocr_line' id='line_1_27' title="bbox 113 2363 1055 2428; baseline -0.003 -18"><span class='ocrx_word' id='word_1_237' title='bbox 113 2368 215 2423; x_wconf 87' lang='lat' dir='ltr'>patrem</span> <span class='ocrx_word' id='word_1_238' title='bbox 234 2376 339 2411; x_wconf 76' lang='lat' dir='ltr'>auaritia</span> <span class='ocrx_word' id='word_1_239' title='bbox 357 2371 408 2427; x_wconf 85' lang='lat' dir='ltr'>eat,</span> <span class='ocrx_word' id='word_1_240' title='bbox 423 2365 552 2415; x_wconf 86' lang='lat' dir='ltr'>incertum</span> <span class='ocrx_word' id='word_1_241' title='bbox 573 2363 644 2414; x_wconf 82' lang='lat' dir='ltr'>inve·</span> <span class='ocrx_word' id='word_1_242' title='bbox 679 2363 766 2428; x_wconf 80' lang='lat' dir='ltr'>deest,</span> <span class='ocrx_word' id='word_1_243' title='bbox 776 2377 826 2412; x_wconf 91' lang='lat' dir='ltr'>uon</span> <span class='ocrx_word' id='word_1_244' title='bbox 836 2370 917 2414; x_wconf 85' lang='lat' dir='ltr'>uruat.</span> <span class='ocrx_word' id='word_1_245' title='bbox 936 2363 1055 2410; x_wconf 85' lang='lat' dir='ltr'>Douutua.</span> 
     </span>
     <span class='ocr_line' id='line_1_28' title="bbox 112 2432 1210 2503; baseline 0.002 -17"><span class='ocrx_word' id='word_1_246' title='bbox 112 2437 188 2487; x_wconf 84' lang='lat' dir='ltr'>niens</span> <span class='ocrx_word' id='word_1_247' title='bbox 199 2437 373 2503; x_wconf 82' lang='lat' dir='ltr'>Pamphilum,</span> <span class='ocrx_word' id='word_1_248' title='bbox 390 2437 466 2489; x_wconf 78' lang='lat' dir='ltr'>t&#39;aoiie</span> <span class='ocrx_word' id='word_1_249' title='bbox 486 2439 526 2489; x_wconf 84' lang='lat' dir='ltr'>ad.</span> <span class='ocrx_word' id='word_1_250' title='bbox 537 2454 565 2489; x_wconf 86' lang='lat' dir='ltr'>ae</span> <span class='ocrx_word' id='word_1_251' title='bbox 579 2454 643 2499; x_wconf 82' lang='lat' dir='ltr'>eon-</span> <span class='ocrx_word' id='word_1_252' title='bbox 713 2439 809 2502; x_wconf 76' lang='lat' dir='ltr'>Egone]</span> <span class='ocrx_word' id='word_1_253' title='bbox 824 2439 989 2499; x_wconf 78' lang='lat' dir='ltr'>Suadeuter:</span> <span class='ocrx_word' id='word_1_254' title='bbox 1008 2432 1165 2484; x_wconf 82' lang='lat' dir='ltr'>subauditur</span> <span class='ocrx_word' id='word_1_255' title='bbox 1183 2441 1210 2488; x_wconf 77' lang='lat' dir='ltr'>ut</span> 
     </span>
     <span class='ocr_line' id='line_1_29' title="bbox 112 2513 930 2580; baseline 0.001 -19"><span class='ocrx_word' id='word_1_256' title='bbox 112 2513 193 2562; x_wconf 85' lang='lat' dir='ltr'>vertit</span> <span class='ocrx_word' id='word_1_257' title='bbox 217 2513 349 2563; x_wconf 85' lang='lat' dir='ltr'>mentione</span> <span class='ocrx_word' id='word_1_258' title='bbox 378 2514 489 2566; x_wconf 78' lang='lat' dir='ltr'>dominae</span> <span class='ocrx_word' id='word_1_259' title='bbox 522 2530 585 2575; x_wconf 79' lang='lat' dir='ltr'>auae,</span> <span class='ocrx_word' id='word_1_260' title='bbox 617 2522 644 2565; x_wconf 91' lang='lat' dir='ltr'>et</span> <span class='ocrx_word' id='word_1_261' title='bbox 673 2515 830 2580; x_wconf 75' lang='lat' dir='ltr'>jieriaiooar.</span> <span class='ocrx_word' id='word_1_262' title='bbox 846 2513 930 2564; x_wconf 87' lang='lat' dir='ltr'>Idem.</span> 
     </span>
     <span class='ocr_line' id='line_1_30' title="bbox 111 2585 1209 2653; baseline 0 -16"><span class='ocrx_word' id='word_1_263' title='bbox 111 2589 224 2651; x_wconf 78' lang='lat' dir='ltr'>maxime</span> <span class='ocrx_word' id='word_1_264' title='bbox 254 2588 322 2653; x_wconf 88' lang='lat' dir='ltr'>quod</span> <span class='ocrx_word' id='word_1_265' title='bbox 356 2587 467 2651; x_wconf 88' lang='lat' dir='ltr'>addidit,</span> <span class='ocrx_word' id='word_1_266' title='bbox 499 2603 545 2638; x_wconf 85' lang='lat' dir='ltr'>eur</span> <span class='ocrx_word' id='word_1_267' title='bbox 572 2590 641 2640; x_wconf 90' lang='lat' dir='ltr'>iiiam</span> <span class='ocrx_word' id='word_1_268' title='bbox 712 2595 744 2640; x_wconf 80' lang='grc'>37</span> <span class='ocrx_word' id='word_1_269' title='bbox 758 2592 818 2645; x_wconf 85' lang='lat' dir='ltr'>Quoe</span> <span class='ocrx_word' id='word_1_270' title='bbox 828 2589 965 2638; x_wconf 83' lang='lat' dir='ltr'>mibiauum</span> <span class='ocrx_word' id='word_1_271' title='bbox 975 2585 1209 2652; x_wconf 80' lang='lat' dir='ltr'>orimum]Abejut</span> 
     </span>
     <span class='ocr_line' id='line_1_31' title="bbox 111 2660 917 2729; baseline 0.002 -15"><span class='ocrx_word' id='word_1_272' title='bbox 111 2679 209 2728; x_wconf 76' lang='lat' dir='ltr'>agrem</span> <span class='ocrx_word' id='word_1_273' title='bbox 221 2679 277 2713; x_wconf 84' lang='lat' dir='ltr'>eoae</span> <span class='ocrx_word' id='word_1_274' title='bbox 289 2660 375 2714; x_wconf 85' lang='lat' dir='ltr'>dicat:</span> <span class='ocrx_word' id='word_1_275' title='bbox 394 2679 474 2729; x_wconf 87' lang='lat' dir='ltr'>quare</span> <span class='ocrx_word' id='word_1_276' title='bbox 483 2663 571 2715; x_wconf 82' lang='lat' dir='ltr'>rtatim</span> <span class='ocrx_word' id='word_1_277' title='bbox 583 2680 641 2728; x_wconf 89' lang='lat' dir='ltr'>per·</span> <span class='ocrx_word' id='word_1_278' title='bbox 680 2665 822 2718; x_wconf 76' lang='lat' dir='ltr'>benefieiis.</span> <span class='ocrx_word' id='word_1_279' title='bbox 842 2665 917 2716; x_wconf 81' lang='lat' dir='ltr'>Iden.</span> 
     </span>
     <span class='ocr_line' id='line_1_32' title="bbox 111 2737 1210 2803; baseline 0.001 -15"><span class='ocrx_word' id='word_1_280' title='bbox 111 2737 212 2791; x_wconf 80' lang='lat' dir='ltr'>fectum</span> <span class='ocrx_word' id='word_1_281' title='bbox 234 2745 274 2789; x_wconf 88' lang='lat' dir='ltr'>eat</span> <span class='ocrx_word' id='word_1_282' title='bbox 296 2738 366 2803; x_wconf 89' lang='lat' dir='ltr'>quod</span> <span class='ocrx_word' id='word_1_283' title='bbox 383 2739 497 2801; x_wconf 83' lang='lat' dir='ltr'>volebat,</span> <span class='ocrx_word' id='word_1_284' title='bbox 517 2747 547 2790; x_wconf 91' lang='lat' dir='ltr'>ut</span> <span class='ocrx_word' id='word_1_285' title='bbox 570 2739 642 2792; x_wconf 88' lang='lat' dir='ltr'>dicat</span> <span class='ocrx_word' id='word_1_286' title='bbox 711 2740 787 2792; x_wconf 83' lang='lat' dir='ltr'>Saum</span> <span class='ocrx_word' id='word_1_287' title='bbox 806 2739 922 2803; x_wconf 84' lang='lat' dir='ltr'>orimum]</span> <span class='ocrx_word' id='word_1_288' title='bbox 938 2739 1071 2792; x_wconf 83' lang='lat' dir='ltr'>Quantum</span> <span class='ocrx_word' id='word_1_289' title='bbox 1089 2737 1123 2788; x_wconf 86' lang='lat' dir='ltr'>ad</span> <span class='ocrx_word' id='word_1_290' title='bbox 1141 2753 1210 2789; x_wconf 87' lang='lat' dir='ltr'>amo·</span> 
     </span>
     <span class='ocr_line' id='line_1_33' title="bbox 111 2812 961 2881; baseline -0.001 -17"><span class='ocrx_word' id='word_1_291' title='bbox 111 2812 275 2879; x_wconf 75' lang='lat' dir='ltr'>Pamphilus,</span> <span class='ocrx_word' id='word_1_292' title='bbox 288 2815 371 2877; x_wconf 77' lang='lat' dir='ltr'>Egone</span> <span class='ocrx_word' id='word_1_293' title='bbox 389 2815 451 2865; x_wconf 76' lang='lat' dir='ltr'>oue</span> <span class='ocrx_word' id='word_1_294' title='bbox 466 2815 546 2867; x_wconf 76' lang='lat' dir='ltr'>mauri</span> <span class='ocrx_word' id='word_1_295' title='bbox 557 2820 643 2879; x_wconf 75' lang='lat' dir='ltr'>quom?</span> <span class='ocrx_word' id='word_1_296' title='bbox 679 2833 733 2873; x_wconf 87' lang='lat' dir='ltr'>rem</span> <span class='ocrx_word' id='word_1_297' title='bbox 745 2816 869 2881; x_wconf 86' lang='lat' dir='ltr'>pertinet.</span> <span class='ocrx_word' id='word_1_298' title='bbox 886 2816 961 2866; x_wconf 84' lang='lat' dir='ltr'>Idem.</span> 
     </span>
     <span class='ocr_line' id='line_1_34' title="bbox 111 2890 1211 2957; baseline 0.003 -17"><span class='ocrx_word' id='word_1_299' title='bbox 111 2890 197 2941; x_wconf 86' lang='lat' dir='ltr'>Idem.</span> <span class='ocrx_word' id='word_1_300' title='bbox 711 2893 791 2957; x_wconf 80' lang='lat' dir='ltr'>Atque</span> <span class='ocrx_word' id='word_1_301' title='bbox 811 2907 901 2943; x_wconf 82' lang='lat' dir='ltr'>omnem</span> <span class='ocrx_word' id='word_1_302' title='bbox 919 2891 1006 2955; x_wconf 70' lang='lat' dir='ltr'>odom]</span> <span class='ocrx_word' id='word_1_303' title='bbox 1026 2891 1085 2942; x_wconf 84' lang='lat' dir='ltr'>Hae</span> <span class='ocrx_word' id='word_1_304' title='bbox 1105 2898 1157 2955; x_wconf 83' lang='lat' dir='ltr'>eat,</span> <span class='ocrx_word' id='word_1_305' title='bbox 1181 2900 1211 2943; x_wconf 90' lang='lat' dir='ltr'>ut</span> 
     </span>
     <span class='ocr_line' id='line_1_35' title="bbox 143 2966 1032 3033; baseline -0.003 -15"><span class='ocrx_word' id='word_1_306' title='bbox 143 2971 178 3018; x_wconf 75' lang='grc'>33</span> <span class='ocrx_word' id='word_1_307' title='bbox 196 2966 352 3030; x_wconf 79' lang='lat' dir='ltr'>Cooetitutoe]</span> <span class='ocrx_word' id='word_1_308' title='bbox 364 2967 422 3017; x_wconf 87' lang='lat' dir='ltr'>Neo</span> <span class='ocrx_word' id='word_1_309' title='bbox 432 2966 515 3031; x_wconf 90' lang='lat' dir='ltr'>addit,</span> <span class='ocrx_word' id='word_1_310' title='bbox 527 2976 643 3031; x_wconf 75' lang='lat' dir='ltr'>epatret</span> <span class='ocrx_word' id='word_1_311' title='bbox 681 2970 800 3021; x_wconf 85' lang='lat' dir='ltr'>maritum</span> <span class='ocrx_word' id='word_1_312' title='bbox 812 2974 939 3033; x_wconf 86' lang='lat' dir='ltr'>apernret.</span> <span class='ocrx_word' id='word_1_313' title='bbox 955 2969 1032 3020; x_wconf 73' lang='lat' dir='ltr'>Idem</span> 
     </span>
     <span class='ocr_line' id='line_1_36' title="bbox 113 3040 1212 3112; baseline 0 -19"><span class='ocrx_word' id='word_1_314' title='bbox 113 3042 160 3093; x_wconf 85' lang='lat' dir='ltr'>ted</span> <span class='ocrx_word' id='word_1_315' title='bbox 184 3042 321 3106; x_wconf 78' lang='lat' dir='ltr'>invidiose,</span> <span class='ocrx_word' id='word_1_316' title='bbox 338 3043 410 3108; x_wconf 81' lang='lat' dir='ltr'>quati</span> <span class='ocrx_word' id='word_1_317' title='bbox 427 3049 456 3093; x_wconf 86' lang='lat' dir='ltr'>et</span> <span class='ocrx_word' id='word_1_318' title='bbox 474 3059 489 3093; x_wconf 79' lang='lat' dir='ltr'>a</span> <span class='ocrx_word' id='word_1_319' title='bbox 507 3044 643 3109; x_wconf 80' lang='lat' dir='ltr'>Pamphilo</span> <span class='ocrx_word' id='word_1_320' title='bbox 717 3045 810 3112; x_wconf 76' lang='lat' dir='ltr'>Vitem]</span> <span class='ocrx_word' id='word_1_321' title='bbox 835 3042 875 3094; x_wconf 69' lang='lat' dir='ltr'>id</span> <span class='ocrx_word' id='word_1_322' title='bbox 893 3043 964 3107; x_wconf 85' lang='lat' dir='ltr'>quod</span> <span class='ocrx_word' id='word_1_323' title='bbox 985 3040 1102 3092; x_wconf 86' lang='lat' dir='ltr'>dicebam</span> <span class='ocrx_word' id='word_1_324' title='bbox 1126 3041 1212 3106; x_wconf 89' lang='lat' dir='ltr'>modo,</span> 
     </span>
     <span class='ocr_line' id='line_1_37' title="bbox 112 3116 1011 3185; baseline 0 -17"><span class='ocrx_word' id='word_1_325' title='bbox 112 3118 336 3171; x_wconf 80' lang='lat' dir='ltr'>rintoonttitutae.</span> <span class='ocrx_word' id='word_1_326' title='bbox 368 3116 411 3169; x_wconf 77' lang='lat' dir='ltr'>An</span> <span class='ocrx_word' id='word_1_327' title='bbox 430 3117 506 3170; x_wconf 90' lang='lat' dir='ltr'>timet</span> <span class='ocrx_word' id='word_1_328' title='bbox 521 3118 548 3168; x_wconf 92' lang='lat' dir='ltr'>in</span> <span class='ocrx_word' id='word_1_329' title='bbox 564 3134 644 3184; x_wconf 79' lang='lat' dir='ltr'>nego·</span> <span class='ocrx_word' id='word_1_330' title='bbox 681 3124 846 3182; x_wconf 67' lang='lat' dir='ltr'>mutamur,</span> <span class='ocrx_word' id='word_1_331' title='bbox 858 3123 899 3185; x_wconf 69' lang='lat' dir='ltr'>tpc.</span> <span class='ocrx_word' id='word_1_332' title='bbox 917 3119 1011 3170; x_wconf 82' lang='lat' dir='ltr'>Faber.</span> 
     </span>
     <span class='ocr_line' id='line_1_38' title="bbox 112 3193 1209 3260; baseline 0.002 -16"><span class='ocrx_word' id='word_1_333' title='bbox 112 3193 166 3245; x_wconf 86' lang='lat' dir='ltr'>tini</span> <span class='ocrx_word' id='word_1_334' title='bbox 182 3195 257 3246; x_wconf 74' lang='lat' dir='ltr'>idern.</span> <span class='ocrx_word' id='word_1_335' title='bbox 715 3201 777 3256; x_wconf 77' lang='lat' dir='ltr'>Quo</span> <span class='ocrx_word' id='word_1_336' title='bbox 793 3197 853 3247; x_wconf 84' lang='lat' dir='ltr'>mibi</span> <span class='ocrx_word' id='word_1_337' title='bbox 870 3198 1065 3257; x_wconf 71' lang='lat' dir='ltr'>autonomiam,</span> <span class='ocrx_word' id='word_1_338' title='bbox 1083 3200 1153 3260; x_wconf 77' lang='lat' dir='ltr'>utque</span> <span class='ocrx_word' id='word_1_339' title='bbox 1162 3210 1209 3246; x_wconf 82' lang='lat' dir='ltr'>oru-</span> 
     </span>
     <span class='ocr_line' id='line_1_39' title="bbox 149 3264 1211 3337; baseline 0.005 -20"><span class='ocrx_word' id='word_1_340' title='bbox 149 3272 292 3320; x_wconf 78' lang='lat' dir='ltr'>corute&#39;tutoe</span> <span class='ocrx_word' id='word_1_341' title='bbox 312 3268 415 3334; x_wconf 77' lang='lat' dir='ltr'>eruptio]</span> <span class='ocrx_word' id='word_1_342' title='bbox 444 3269 468 3323; x_wconf 83' lang='lat' dir='ltr'>A</span> <span class='ocrx_word' id='word_1_343' title='bbox 490 3276 567 3335; x_wconf 86' lang='lat' dir='ltr'>patre</span> <span class='ocrx_word' id='word_1_344' title='bbox 590 3277 645 3322; x_wconf 89' lang='lat' dir='ltr'>tuo.</span> <span class='ocrx_word' id='word_1_345' title='bbox 681 3275 817 3326; x_wconf 79' lang='lat' dir='ltr'>oemoitom</span> <span class='ocrx_word' id='word_1_346' title='bbox 827 3264 1211 3337; x_wconf 79' lang='lat' dir='ltr'>eredidit]Argumentaaeon·</span> 
     </span>
     <span class='ocr_line' id='line_1_40' title="bbox 114 3345 1212 3418; baseline -0.012 -10"><span class='ocrx_word' id='word_1_347' title='bbox 114 3345 258 3407; x_wconf 58' lang='lat' dir='ltr'>waffl·</span> <span class='ocrx_word' id='word_1_348' title='bbox 682 3351 811 3418; x_wconf 76' lang='lat' dir='ltr'>aequanti.</span> <span class='ocrx_word' id='word_1_349' title='bbox 843 3351 871 3399; x_wconf 90' lang='lat' dir='ltr'>Si</span> <span class='ocrx_word' id='word_1_350' title='bbox 889 3364 946 3399; x_wconf 87' lang='lat' dir='ltr'>earn</span> <span class='ocrx_word' id='word_1_351' title='bbox 962 3348 1070 3412; x_wconf 77' lang='lat' dir='ltr'>deterit,</span> <span class='ocrx_word' id='word_1_352' title='bbox 1083 3347 1212 3398; x_wconf 80' lang='lat' dir='ltr'>baeoaub·</span> 
     </span>
     <span class='ocr_line' id='line_1_41' title="bbox 147 3420 952 3493; baseline 0.001 -19"><span class='ocrx_word' id='word_1_353' title='bbox 147 3421 333 3488; x_wconf 70' lang='lat' dir='ltr'>tatarorum]</span> <span class='ocrx_word' id='word_1_354' title='bbox 352 3420 428 3471; x_wconf 87' lang='lat' dir='ltr'>Idem</span> <span class='ocrx_word' id='word_1_355' title='bbox 447 3421 516 3471; x_wconf 88' lang='lat' dir='ltr'>enim</span> <span class='ocrx_word' id='word_1_356' title='bbox 535 3421 591 3472; x_wconf 85' lang='lat' dir='ltr'>diet</span> <span class='ocrx_word' id='word_1_357' title='bbox 604 3427 645 3473; x_wconf 79' lang='lat' dir='ltr'>eat</span> <span class='ocrx_word' id='word_1_358' title='bbox 678 3426 815 3493; x_wconf 85' lang='lat' dir='ltr'>jiciuntnr.</span> <span class='ocrx_word' id='word_1_359' title='bbox 832 3427 952 3476; x_wconf 80' lang='lat' dir='ltr'>Doootur.</span> 
     </span>
     <span class='ocr_line' id='line_1_42' title="bbox 114 3497 1210 3564; baseline -0.002 -16"><span class='ocrx_word' id='word_1_360' title='bbox 114 3513 166 3564; x_wconf 81' lang='lat' dir='ltr'>quo</span> <span class='ocrx_word' id='word_1_361' title='bbox 189 3498 344 3563; x_wconf 83' lang='lat' dir='ltr'>placuerant</span> <span class='ocrx_word' id='word_1_362' title='bbox 371 3497 509 3550; x_wconf 71' lang='lat' dir='ltr'>destinata</span> <span class='ocrx_word' id='word_1_363' title='bbox 537 3499 645 3563; x_wconf 71' lang='lat' dir='ltr'>nuptia,</span> <span class='ocrx_word' id='word_1_364' title='bbox 715 3507 748 3554; x_wconf 78' lang='grc'>38</span> <span class='ocrx_word' id='word_1_365' title='bbox 766 3503 843 3557; x_wconf 83' lang='lat' dir='ltr'>Quom</span> <span class='ocrx_word' id='word_1_366' title='bbox 859 3517 902 3564; x_wconf 81' lang='lat' dir='ltr'>ego</span> <span class='ocrx_word' id='word_1_367' title='bbox 919 3502 997 3551; x_wconf 86' lang='lat' dir='ltr'>auimo</span> <span class='ocrx_word' id='word_1_368' title='bbox 1012 3498 1108 3562; x_wconf 73' lang='lat' dir='ltr'>egregie</span> <span class='ocrx_word' id='word_1_369' title='bbox 1118 3497 1210 3562; x_wconf 82' lang='lat' dir='ltr'>eorum]</span> 
     </span>
     <span class='ocr_line' id='line_1_43' title="bbox 113 3572 1210 3644; baseline -0.008 -20"><span class='ocrx_word' id='word_1_370' title='bbox 113 3575 232 3641; x_wconf 79' lang='lat' dir='ltr'>quamvis</span> <span class='ocrx_word' id='word_1_371' title='bbox 255 3574 379 3627; x_wconf 82' lang='lat' dir='ltr'>Chremen</span> <span class='ocrx_word' id='word_1_372' title='bbox 399 3572 597 3624; x_wconf 85' lang='lat' dir='ltr'>renuntiaverat</span> <span class='ocrx_word' id='word_1_373' title='bbox 616 3580 644 3624; x_wconf 88' lang='lat' dir='ltr'>et</span> <span class='ocrx_word' id='word_1_374' title='bbox 685 3578 798 3644; x_wconf 74' lang='lat' dir='ltr'>Egregie,</span> <span class='ocrx_word' id='word_1_375' title='bbox 817 3585 915 3643; x_wconf 83' lang='lat' dir='ltr'>praeter</span> <span class='ocrx_word' id='word_1_376' title='bbox 933 3583 1045 3640; x_wconf 83' lang='lat' dir='ltr'>ceterae,</span> <span class='ocrx_word' id='word_1_377' title='bbox 1064 3576 1090 3626; x_wconf 90' lang='lat' dir='ltr'>id</span> <span class='ocrx_word' id='word_1_378' title='bbox 1107 3581 1156 3639; x_wconf 84' lang='lat' dir='ltr'>eat,</span> <span class='ocrx_word' id='word_1_379' title='bbox 1172 3578 1210 3630; x_wconf 75' lang='lat'>111.</span> 
     </span>
     <span class='ocr_line' id='line_1_44' title="bbox 114 3647 832 3717; baseline -0.007 -16"><span class='ocrx_word' id='word_1_380' title='bbox 114 3667 203 3717; x_wconf 80' lang='lat' dir='ltr'>rupta,</span> <span class='ocrx_word' id='word_1_381' title='bbox 221 3650 290 3701; x_wconf 82' lang='lat' dir='ltr'>‘Hic&#39;</span> <span class='ocrx_word' id='word_1_382' title='bbox 303 3649 401 3714; x_wconf 78' lang='lat' dir='ltr'>nuptiis</span> <span class='ocrx_word' id='word_1_383' title='bbox 417 3647 505 3703; x_wconf 76' lang='lat' dir='ltr'>dietus</span> <span class='ocrx_word' id='word_1_384' title='bbox 516 3655 558 3702; x_wconf 84' lang='lat' dir='ltr'>eet</span> <span class='ocrx_word' id='word_1_385' title='bbox 572 3647 645 3702; x_wconf 66' lang='lat' dir='ltr'>dieo!</span> <span class='ocrx_word' id='word_1_386' title='bbox 682 3655 739 3704; x_wconf 69' lang='lat' dir='ltr'>mis.</span> <span class='ocrx_word' id='word_1_387' title='bbox 756 3654 832 3704; x_wconf 68' lang='lat' dir='ltr'>Idem.</span> 
     </span>
     <span class='ocr_line' id='line_1_45' title="bbox 113 3725 1211 3796; baseline -0.001 -19"><span class='ocrx_word' id='word_1_388' title='bbox 113 3725 235 3778; x_wconf 71' lang='lat' dir='ltr'>Donatus.</span> <span class='ocrx_word' id='word_1_389' title='bbox 411 3756 414 3761; x_wconf 88' lang='lat'><strong>.</strong></span> <span class='ocrx_word' id='word_1_390' title='bbox 686 3786 689 3791; x_wconf 47' lang='grc'><strong><em>,</em></strong></span> <span class='ocrx_word' id='word_1_391' title='bbox 715 3733 748 3788; x_wconf 78' lang='grc'>39</span> <span class='ocrx_word' id='word_1_392' title='bbox 764 3730 831 3786; x_wconf 79' lang='lat' dir='ltr'>Beue</span> <span class='ocrx_word' id='word_1_393' title='bbox 847 3734 871 3779; x_wconf 86' lang='lat' dir='ltr'>et</span> <span class='ocrx_word' id='word_1_394' title='bbox 884 3728 980 3796; x_wconf 72' lang='lat' dir='ltr'>pudice]</span> <span class='ocrx_word' id='word_1_395' title='bbox 998 3727 1123 3779; x_wconf 85' lang='lat' dir='ltr'>Hioiiiud</span> <span class='ocrx_word' id='word_1_396' title='bbox 1136 3727 1211 3776; x_wconf 82' lang='lat' dir='ltr'>toiri·</span> 
     </span>
    </p>
   </div>
   <div class='ocr_carea' id='block_1_5' title="bbox 148 3799 1322 3869">
    <p class='ocr_par' dir='ltr' id='par_1_5' title="bbox 148 3799 1322 3869">
     <span class='ocr_line' id='line_1_46' title="bbox 148 3799 1322 3869; baseline -0.003 -15"><span class='ocrx_word' id='word_1_397' title='bbox 148 3802 552 3867; x_wconf 56' lang='lat' dir='ltr'>mandamentorum.</span> <span class='ocrx_word' id='word_1_398' title='bbox 583 3801 645 3851; x_wconf 78' lang='lat' dir='ltr'>Ter·</span> <span class='ocrx_word' id='word_1_399' title='bbox 683 3810 736 3866; x_wconf 80' lang='lat' dir='ltr'>tur,</span> <span class='ocrx_word' id='word_1_400' title='bbox 745 3805 815 3855; x_wconf 81' lang='lat' dir='ltr'>Luna</span> <span class='ocrx_word' id='word_1_401' title='bbox 824 3811 848 3855; x_wconf 86' lang='lat' dir='ltr'>et</span> <span class='ocrx_word' id='word_1_402' title='bbox 856 3807 904 3855; x_wconf 77' lang='lat' dir='ltr'>teto</span> <span class='ocrx_word' id='word_1_403' title='bbox 914 3807 1003 3855; x_wconf 83' lang='lat' dir='ltr'>vietum</span> <span class='ocrx_word' id='word_1_404' title='bbox 1018 3805 1161 3869; x_wconf 72' lang='lat' dir='ltr'>queritans:</span> <span class='ocrx_word' id='word_1_405' title='bbox 1181 3809 1211 3858; x_wconf 82' lang='lat' dir='ltr'>ut</span> <span class='ocrx_word' id='word_1_406' title='bbox 1312 3799 1322 3814; x_wconf 81' lang='lat'><strong>‘</strong></span> 
     </span>
    </p>
   </div>
   <div class='ocr_carea' id='block_1_6' title="bbox 114 3875 1212 4254">
    <p class='ocr_par' dir='ltr' id='par_1_6' title="bbox 115 3875 1212 3945">
     <span class='ocr_line' id='line_1_47' title="bbox 115 3875 1212 3945; baseline -0.008 -11"><span class='ocrx_word' id='word_1_407' title='bbox 115 3878 179 3934; x_wconf 68' lang='lat' dir='ltr'>tiam</span> <span class='ocrx_word' id='word_1_408' title='bbox 201 3879 406 3936; x_wconf 73' lang='lat' dir='ltr'>sollicitudiuem</span> <span class='ocrx_word' id='word_1_409' title='bbox 432 3876 528 3933; x_wconf 74' lang='lat' dir='ltr'>hubert</span> <span class='ocrx_word' id='word_1_410' title='bbox 549 3875 645 3939; x_wconf 79' lang='lat' dir='ltr'>Glyce·</span> <span class='ocrx_word' id='word_1_411' title='bbox 682 3879 732 3930; x_wconf 87' lang='lat' dir='ltr'>hoe</span> <span class='ocrx_word' id='word_1_412' title='bbox 742 3888 892 3945; x_wconf 89' lang='lat' dir='ltr'>praestruat,</span> <span class='ocrx_word' id='word_1_413' title='bbox 903 3881 969 3935; x_wconf 82' lang='lat' dir='ltr'>bene</span> <span class='ocrx_word' id='word_1_414' title='bbox 977 3888 1005 3929; x_wconf 91' lang='lat' dir='ltr'>et</span> <span class='ocrx_word' id='word_1_415' title='bbox 1014 3880 1106 3942; x_wconf 90' lang='lat' dir='ltr'>pudice</span> <span class='ocrx_word' id='word_1_416' title='bbox 1117 3878 1212 3939; x_wconf 82' lang='lat' dir='ltr'>Giyoe-</span> 
     </span>
    </p>

    <p class='ocr_par' dir='ltr' id='par_1_7' title="bbox 114 3952 1211 4097">
     <span class='ocr_line' id='line_1_48' title="bbox 114 3952 1211 4016; baseline -0.002 -12"><span class='ocrx_word' id='word_1_417' title='bbox 114 3953 180 4004; x_wconf 83' lang='lat' dir='ltr'>rinna</span> <span class='ocrx_word' id='word_1_418' title='bbox 192 3969 226 4004; x_wconf 90' lang='lat' dir='ltr'>ne</span> <span class='ocrx_word' id='word_1_419' title='bbox 237 3954 374 4006; x_wconf 81' lang='lat' dir='ltr'>deteratur</span> <span class='ocrx_word' id='word_1_420' title='bbox 385 3971 401 4004; x_wconf 91' lang='lat' dir='ltr'>a</span> <span class='ocrx_word' id='word_1_421' title='bbox 411 3952 557 4016; x_wconf 84' lang='lat' dir='ltr'>Pamphilo.</span> <span class='ocrx_word' id='word_1_422' title='bbox 568 3952 645 4002; x_wconf 77' lang='lat' dir='ltr'>idem.</span> <span class='ocrx_word' id='word_1_423' title='bbox 684 3955 749 4005; x_wconf 88' lang='lat' dir='ltr'>rium</span> <span class='ocrx_word' id='word_1_424' title='bbox 761 3970 818 4004; x_wconf 84' lang='lat' dir='ltr'>esee</span> <span class='ocrx_word' id='word_1_425' title='bbox 829 3955 975 4014; x_wconf 83' lang='lat' dir='ltr'>educatam,</span> <span class='ocrx_word' id='word_1_426' title='bbox 986 3954 1056 4003; x_wconf 81' lang='lat' dir='ltr'>Lanu</span> <span class='ocrx_word' id='word_1_427' title='bbox 1071 3958 1094 4002; x_wconf 84' lang='lat' dir='ltr'>et</span> <span class='ocrx_word' id='word_1_428' title='bbox 1106 3953 1152 4000; x_wconf 85' lang='lat' dir='ltr'>telo</span> <span class='ocrx_word' id='word_1_429' title='bbox 1163 3952 1211 4002; x_wconf 83' lang='lat' dir='ltr'>oie-</span> 
     </span>
     <span class='ocr_line' id='line_1_49' title="bbox 147 4029 1210 4097; baseline -0.005 -13"><span class='ocrx_word' id='word_1_430' title='bbox 147 4033 259 4084; x_wconf 73' lang='lat' dir='ltr'>Soiiioito</span> <span class='ocrx_word' id='word_1_431' title='bbox 280 4033 328 4097; x_wconf 84' lang='lat' dir='ltr'>eet]</span> <span class='ocrx_word' id='word_1_432' title='bbox 344 4033 486 4084; x_wconf 71' lang='lat' dir='ltr'>Sollicitudo</span> <span class='ocrx_word' id='word_1_433' title='bbox 505 4046 591 4081; x_wconf 90' lang='lat' dir='ltr'>rerum</span> <span class='ocrx_word' id='word_1_434' title='bbox 606 4030 645 4080; x_wconf 91' lang='lat' dir='ltr'>in·</span> <span class='ocrx_word' id='word_1_435' title='bbox 682 4036 734 4088; x_wconf 82' lang='lat' dir='ltr'>tuot</span> <span class='ocrx_word' id='word_1_436' title='bbox 752 4031 888 4093; x_wconf 68' lang='lat' dir='ltr'>queritans.</span> <span class='ocrx_word' id='word_1_437' title='bbox 923 4029 958 4079; x_wconf 90' lang='lat' dir='ltr'>Et</span> <span class='ocrx_word' id='word_1_438' title='bbox 976 4043 1027 4078; x_wconf 88' lang='lat' dir='ltr'>uon</span> <span class='ocrx_word' id='word_1_439' title='bbox 1044 4029 1159 4094; x_wconf 89' lang='lat' dir='ltr'>pertinet</span> <span class='ocrx_word' id='word_1_440' title='bbox 1177 4030 1210 4089; x_wconf 84' lang='lat' dir='ltr'>ad</span> 
     </span>
    </p>

    <p class='ocr_par' dir='ltr' id='par_1_8' title="bbox 117 4105 1209 4254">
     <span class='ocr_line' id='line_1_50' title="bbox 117 4105 1209 4178; baseline -0.004 -17"><span class='ocrx_word' id='word_1_441' title='bbox 117 4117 247 4163; x_wconf 82' lang='lat' dir='ltr'>certarum</span> <span class='ocrx_word' id='word_1_442' title='bbox 260 4112 403 4174; x_wconf 77' lang='lat' dir='ltr'>mugirent.</span> <span class='ocrx_word' id='word_1_443' title='bbox 421 4109 496 4162; x_wconf 82' lang='lat' dir='ltr'>Idem.</span> <span class='ocrx_word' id='word_1_444' title='bbox 684 4113 873 4170; x_wconf 73' lang='lat' dir='ltr'>argumentum,</span> <span class='ocrx_word' id='word_1_445' title='bbox 885 4105 934 4162; x_wconf 73' lang='lat' dir='ltr'>nini</span> <span class='ocrx_word' id='word_1_446' title='bbox 946 4113 1006 4169; x_wconf 81' lang='lat' dir='ltr'>post</span> <span class='ocrx_word' id='word_1_447' title='bbox 1022 4107 1100 4159; x_wconf 80' lang='lat' dir='ltr'>vitatu</span> <span class='ocrx_word' id='word_1_448' title='bbox 1113 4107 1209 4178; x_wconf 82' lang='lat' dir='ltr'>Glyce-</span> 
     </span>
     <span class='ocr_line' id='line_1_51' title="bbox 150 4180 958 4254; baseline -0.007 -12"><span class='ocrx_word' id='word_1_449' title='bbox 150 4187 256 4250; x_wconf 70' lang='lat' dir='ltr'>dudio</span> <span class='ocrx_word' id='word_1_450' title='bbox 266 4189 328 4243; x_wconf 80' lang='lat' dir='ltr'>bunt</span> <span class='ocrx_word' id='word_1_451' title='bbox 338 4188 410 4253; x_wconf 85' lang='lat' dir='ltr'>diem,</span> <span class='ocrx_word' id='word_1_452' title='bbox 418 4185 471 4254; x_wconf 61' lang='lat' dir='ltr'>ba]</span> <span class='ocrx_word' id='word_1_453' title='bbox 487 4184 539 4243; x_wconf 87' lang='lat' dir='ltr'>Hie</span> <span class='ocrx_word' id='word_1_454' title='bbox 549 4185 646 4240; x_wconf 86' lang='lat' dir='ltr'>certior</span> <span class='ocrx_word' id='word_1_455' title='bbox 683 4180 865 4253; x_wconf 71' lang='lat' dir='ltr'>ritintelligat.</span> <span class='ocrx_word' id='word_1_456' title='bbox 883 4181 958 4236; x_wconf 79' lang='lat' dir='ltr'>Idem·</span> 
     </span>
    </p>
   </div>
   <div class='ocr_carea' id='block_1_7' title="bbox 0 0 1348 4710">
    <p class='ocr_par' dir='ltr' id='par_1_9' title="bbox 0 0 1348 4710">
     <span class='ocr_line' id='line_1_52' title="bbox 0 0 1348 4710; baseline 0 0"><span class='ocrx_word' id='word_1_457' title='bbox 0 0 1348 4710; x_wconf 95' lang='lat' dir='ltr'> </span> 
     </span>
    </p>
   </div>
  </div>
 </body>
</html>
