2676 4710
333 333 513 386 nuenarii
540 335 708 384 eunucu.
731 337 812 385 acu.
830 338 864 384 v.
887 337 938 388 sc.
962 339 1016 388 ιιι.
1129 323 1216 388 leus

117 471 171 525 isse
183 473 271 524 creda.
304 477 361 540 Ego
380 477 489 542 amplius
507 477 652 528 deliberan-
721 477 920 542 tellamtqmu
930 481 982 544 det]
995 479 1119 531 Utdirss.
1138 482 1215 531 idem.

120 547 297 603 dumcenseo
299 552 400 604 '.1dem
721 557 755 604 Et
771 558 813 605 dat
832 571 896 604 aeras
912 557 1016 620 largius]
1035 557 1071 606 Ut
1088 557 1214 607 liberalis.

156 628 651 714 ΙΟιιιιριι]111111ιιιῑιιῐειιηιοεῑιιιιιιιιι
689 631 764 680 Idem
859 635 862 641 ’

116 703 191 753 enim
214 704 281 753 dixit
303 706 371 768 Peto,
391 707 436 756 sed
462 710 568 757 Censeo:
598 717 652 758 tan·
718 712 752 755 ⁴9
777 707 880 770 Fatum]
915 707 1008 770 Inepta
1034 673 1150 773 loquens.
1191 673 1216 759 A

117 791 200 842 quam
219 779 269 828 illis
284 781 360 831 modo
372 784 498 847 consulat,
509 798 593 848 neque
603 799 651 848 pro
686 782 856 842 fandosuluas
866 783 981 832 dicitnr·
999 783 1059 832 inde
1075 785 1155 833 Fauni
1166 786 1217 835 Fa·

115 856 204 904 milite
216 864 286 919 agat.
301 859 378 911 Idem.
686 859 744 908 tsi:
757 867 785 907 et
803 857 923 920 nymphae
944 857 1031 907 Fau
1048 859 1126 909 dictae
1146 867 1217 911 sunt.

122 933 651 998 „lliCagilamuddMudmanttantum-
687 935 766 984 Idem.
797 970 800 978 ,
849 962 852 969 ·

114 1006 200 1059 mado
225 1007 369 1071 significat:
399 1020 444 1059 atet
467 1012 590 1075 temporis
611 1018 653 1061 est
720 1008 870 1073 Fairssest]
887 1009 1110 1061 Hocexusutuo.
1127 1012 1202 1061 Idem.

113 1080 653 1144 adverbium.etsimulincertsdistinctiu
719 1087 838 1150 Imaum]
860 1086 922 1136 Siue
940 1089 995 1136 sale
1015 1096 1042 1137 et
1064 1089 1216 1151 sapientia:

113 1160 266 1210 assallierit.
687 1173 732 1214 ant
744 1166 800 1214 sine
811 1165 878 1213 salta
890 1172 917 1214 et
928 1164 1063 1214 facilitate.
1080 1165 1155 1217 Idem.
1179 1200 1184 1215 .
1216 1195 1220 1206 ·

150 1239 184 1286 al
200 1237 235 1285 m
253 1237 354 1288 liherici·
373 1237 445 1303 uicit]
461 1241 493 1291 Id
513 1249 562 1305 eat,
574 1243 650 1293 bonu·
703 1240 814 1289 wama·
826 1245 872 1301 cst,
882 1239 996 1302 imsulsus]
1007 1239 1085 1289 Fului
1094 1239 1216 1304 sunt,qni

113 1312 305 1365 runcinarum
316 1315 426 1365 edaaes.
444 1318 519 1367 Idem.
616 1353 619 1357 .
686 1317 773 1365 verbis
793 1321 820 1364 et
838 1315 916 1365 dictis
936 1315 1097 1365 fatui'aant:
1122 1317 1217 1366 Inculti

151 1385 189 1436 m
206 1387 305 1438 libenter
315 1390 384 1451 uiuis,
401 1397 425 1439 et
436 1392 497 1440 caim
507 1392 564 1442 berte
574 1393 649 1442 libea-
686 1405 757 1452 vere,
770 1390 848 1441 corde
861 1396 889 1440 et
900 1391 994 1440 animo.
1013 1391 1087 1438 ldem.

113 1467 158 1513 lar
173 1462 283 1526 victites]
299 1465 419 1528 Guyetus
437 1467 470 1516 ad
490 1475 597 1518 strenua
608 1483 649 1516 re·
717 1465 1215 1530 Futuasest,imulrua]suntquisaluam,

113 1540 205 1599 media
216 1540 344 1605 confugit.
361 1557 436 1607 quem
452 1543 529 1593 vide.r
556 1545 649 1594 Potest
686 1542 771 1591 auimo
782 1547 896 1604 patant:
914 1541 1042 1602 latalaum,
1060 1542 1149 1592 dictis.
1166 1542 1214 1595 sed

114 1616 337 1680 aitermudmalar,
345 1635 365 1668 s
373 1620 531 1681 convictum,
538 1622 648 1670 alterum
685 1619 760 1667 male.
795 1618 862 1666 Nam
881 1618 957 1667 Fului
974 1631 1074 1681 qunque
1087 1617 1140 1666 Dii
1143 1623 1214 1680 sunt,

113 1691 531 1747 mdwureonnvmmnotare
551 1697 646 1746 utsii:
686 1692 1216 1757 quietFaamdrcunmrernonsmiu,

112 1771 218 1832 liberatur
235 1772 345 1822 camille
362 1773 437 1833 miris,
463 1773 513 1824 ie.
536 1774 649 1824 libenter
686 1768 732 1819 sed
742 1770 849 1819 multum
861 1768 959 1833 fantes,
969 1769 996 1819 rd
1008 1776 1059 1832 est,
1070 1771 1215 1835 loquentes.

113 1847 189 1911 apud
200 1847 269 1897 iliam
283 1849 407 1909 versatim
424 1855 447 1898 el
468 1851 530 1899 enim
548 1851 648 1900 beaeli·
687 1844 763 1895 Idem
848 1883 851 1896 ‚

112 1921 342 1980 cataractam.
354 1937 377 1981 e.
389 1930 466 1988 atque
478 1932 532 1973 tum
545 1927 648 1990 quidem
719 1922 857 1972 qumest
858 1921 989 1986 ,ιἰιιιιῖειιι]
1002 1922 1066 1972 Haec
1077 1935 1135 1987 qtroe
1145 1937 1214 1976 nuuc

113 1997 349 2064 genrurndnlgcre,
360 2014 492 2048 convivari
499 1999 587 2062 Juvat,
598 2016 649 2050 me·
685 1997 796 2061 addidit,
825 2015 875 2049 non
897 2014 930 2048 ex
953 1998 1129 2062 superioribus
1151 2013 1215 2063 pen·

113 2075 242 2126 retricnm
250 2076 317 2124 euim
327 2076 383 2133 brec
392 2076 562 2139 consuetudo,
572 2094 648 2140 quam
684 2074 762 2125 dent:
773 2077 818 2125 scd
828 2092 887 2126 cum
899 2078 1036 2140 superiora
1044 2077 1213 2143 valeantplu-

112 2152 231 2210 Philotis
252 2152 347 2214 tangit,
364 2151 469 2214 Hecyra
489 2157 648 2205 r.2.1t.18.
684 2152 784 2213 timum,
801 2151 872 2217 (nam
886 2154 944 2216 qnia
955 2152 1027 2201 dives
1045 2153 1214 2214 etliberalis,

113 2226 256 2291 ‘Antiqua
262 2234 294 2279 -ut
307 2228 495 2281 cousuetudine
512 2228 647 2292 Agitarem
684 2228 770 2290 potnit
781 2227 874 2278 obesae
892 2226 1038 2291 rivalibua,)
1055 2228 1111 2277 baec
1128 2229 1215 2279 omnia

112 2302 503 2365 intervmlibereconvivium!
524 2305 648 2369 Libenter,
685 2302 754 2352 buna
769 2304 795 2352 in
816 2305 902 2353 Milite
921 2309 1131 2367 corrumpuntur,
1142 2303 1212 2369 quud

112 2379 143 2431 ia
156 2387 266 2444 utruque
281 2381 406 2451 membro,
422 2382 454 2430 ad
471 2381 603 2445 προαίρεσιν
619 2391 647 2434 et
683 2377 779 2441 fatuus,
789 2380 859 2442 quod
869 2380 990 2441 insulsus,
1002 2385 1030 2428 et
1041 2385 1140 2441 cetera,
1151 2394 1212 2443 qum

113 2456 233 2509 stadium
252 2464 393 2521 spectaret.
410 2458 596 2522 laaeeictitare,
606 2477 645 2510 es·
683 2455 745 2517 ipse
752 2454 922 2518 persequitur.
942 2453 1018 2505 Idem.

112 2539 165 2588 set.
178 2533 248 2582 laute
261 2533 394 2596 victitare,
406 2535 521 2598 epulari,
537 2544 565 2587 nt
576 2537 693 2599 apud
716 2529 809 2580 Fuluus
820 2534 864 2591 en,
875 2529 990 2592 imaum]
1012 2528 1078 2578 fiee
1088 2528 1154 2582 bene
1166 2528 1212 2580 ad·

112 2607 444 2672 Plautum,exdiverso,‘
451 2611 581 2671 victitare
600 2627 645 2662 suo
683 2605 797 2655 duntur:
816 2606 1212 2671 quiadixit,‘Etl¹abetquod

112 2683 212 2748 raccu,'
228 2684 247 2735 1.
259 2699 284 2734 e.
299 2699 379 2749 parce
401 2700 432 2735 ac
454 2686 561 2736 duriter.
586 2689 644 2737 Boe-
683 2684 738 2742 det,
748 2691 776 2734 et
792 2684 838 2733 dat
856 2699 932 2733 nemo
952 2683 1065 2747 largius!
1098 2683 1140 2732 Ad
1157 2698 1214 2738 rem

114 2761 220 2814 clears..
683 2775 739 2809 eam
763 2761 877 2818 valebat,
896 2767 926 2809 ut
948 2770 1078 2810 amaretur
1098 2761 1213 2811 Miler.a

146 2835 316 2901 Etcalm‚dyc.]
328 2838 415 2902 Usque
422 2838 494 2886 laute
503 2843 531 2887 et
539 2838 645 2903 opipare
683 2837 833 2898 Meretrice,
844 2844 872 2887 et
891 2837 1081 2900 praeponendus
1096 2836 1215 2892 omnibus

111 2913 238 2980 frequent
250 2917 349 2980 epulati
361 2918 408 2966 vis.
425 2916 569 2974 Furaabiae.
683 2922 771 2963 esset:
794 2914 841 2962 sed
860 2914 962 2976 ingrata
980 2922 1041 2961 siunt
1053 2912 1213 2973 mulieribus,

145 2996 179 3043 4⁵
196 2994 232 3047 Ei
242 2991 400 3054 neeessalfc]
413 2991 497 3054 Supra
508 2990 540 3039 ad
552 2999 603 3042 act.
613 3006 644 3041 ιι.
683 2992 846 3054 maximeque
863 2990 975 3051 lascivis,
993 2990 1049 3036 baec
1061 2989 1145 3038 omniu
1155 3003 1212 3052 quae

112 3083 187 3121 secu.
199 3074 224 3118 l.
234 3068 420 3118 ‘Meretricem
433 3067 502 3116 idem
513 3082 646 3132 ersereur,
683 3067 797 3130 subjicit.
814 3067 889 3117 Idem.

111 3159 188 3195 mare
199 3152 229 3194 ut
240 3142 299 3206 est,’
310 3146 358 3192 &c
377 3143 454 3192 Idem.
716 3142 809 3191 Fatuus
817 3147 861 3204 est,
871 3139 984 3202 insumus]
994 3141 1050 3190 Hoc
1060 3155 1107 3204 pro
1116 3155 1211 3193 acerrn

143 3223 180 3270 46
205 3219 361 3282 Suppedilare
381 3220 459 3280 praeit
479 3220 530 3268 sine
550 3222 647 3281 sumptu
684 3218 883 3279 vitiorum,cnm
896 3218 1005 3282 quadam
1017 3218 1102 3268 vultus
1117 3219 1212 3282 impro-

109 3293 168 3358 lem]
181 3295 238 3344 Aut
248 3296 406 3358 suppeditare,
425 3308 472 3357 pro
487 3295 645 3358 mppeditcri:
684 3294 766 3345 bitate
778 3296 906 3357 prolatum
918 3299 968 3351 est,
978 3309 1029 3358 quo
1041 3294 1122 3356 magis
1134 3308 1174 3348 res
1184 3294 1211 3343 11

111 3377 162 3421 ant
172 3369 248 3422 deest
260 3384 302 3419 aa.
318 3371 366 3432 Ut,
376 3371 384 3398 ‘
394 3368 544 3433 Accingunt
554 3385 642 3426 omnes
683 3367 768 3424 media
780 3369 865 3432 posita
877 3384 933 3423 esse
948 3370 1075 3418 videatur.
1091 3369 1167 3417 Idem.
1189 3409 1190 3412 ,

110 3446 205 3513 operi.¹
223 3447 348 3511 Donatus.
609 3490 613 3504 ,
687 3445 808 3501 ,Fatum
828 3450 872 3501 eat,
891 3444 1007 3507 imulare]
1031 3444 1174 3512 insipidus,
1195 3459 1212 3494 a

128 3524 310 3589 „Suppeditara
326 3522 380 3588 dfe]
406 3523 451 3584 Se,
471 3529 598 3588 sumptus.
610 3524 644 3573 al.
683 3535 776 3583 supere
792 3521 1063 3585 ciborumsumptum.
1095 3519 1211 3571 Martini.

109 3613 164 3666 pru
174 3604 303 3663 mppetma.
322 3599 477 3647 Farnabius.
684 3595 732 3645 ‘ut
743 3596 846 3661 sapiant
855 3595 935 3646 fatuae
952 3595 1082 3651 fabrorum
1103 3597 1212 3658 prandia

144 3679 178 3727 4⁷
193 3675 234 3725 Ad
245 3675 324 3724 maala
334 3675 385 3723 bac
400 3675 477 3736 magis
492 3679 645 3738 opportunus,
683 3671 761 3722 betae.
763 3671 798 3721 ’l.
810 3685 874 3721 xiii.
887 3674 937 3736 Ep.
949 3677 988 3733 13.
1004 3671 1145 3722 dammim.

109 3766 155 3807 nec
164 3750 244 3812 magia
253 3765 284 3800 ex
292 3765 335 3800 usu
346 3755 387 3798 tau
397 3749 518 3812 aemuest]
537 3746 559 3796 1
560 3749 645 3797 ocutio
717 3749 819 3812 Tardus]
830 3751 860 3799 ln
872 3751 1002 3800 Venerem
1010 3750 1120 3800 scilicet.
1130 3750 1212 3797 Dum·

111 3835 155 3883 est
174 3840 208 3876 ex
219 3827 347 3890 negativis
364 3825 458 3877 tertia.
476 3832 515 3888 ut,
530 3824 645 3887 ‘Agrum
681 3831 729 3874 lua.

111 3903 139 3954 in
156 3901 198 3953 hit
209 3901 358 3964 regionibus
371 3900 503 3949 meliorem
513 3913 589 3948 nemo
600 3898 644 3947 lta·
717 3898 1115 3963 Ται·αιιι](ὶοιροιιοῑιιιειιι1)ιίι.
1123 3867 1212 3963 quam·

111 3978 180 4045 bet!
195 3977 315 4027 Donatus.
683 3990 758 4062 quam
778 3983 806 4026 st
825 3977 960 4025 intellectu
979 3977 1059 4024 tardus
1079 3989 1212 4037 vocamus,

98 4077 99 4080 ¹
144 4052 333 4115 Mcgtsexueu]
346 4052 399 4101 Pru
410 4051 507 4113 utilior,
521 4056 548 4100 et
560 4049 645 4111 Maga
682 4066 726 4116 qm
738 4052 811 4100 stulti
828 4058 896 4100 sant.
928 4050 982 4107 Sed
1004 4051 1094 4100 melius
1113 4058 1154 4101 est
1170 4053 1210 4102 sic

109 4116 250 4196 warum,
259 4143 306 4193 pm
314 4127 477 4191 oportunior
496 4129 572 4176 ldem.
680 4127 801 4190 intelligi,
819 4134 848 4175 nt
862 4141 894 4176 ca
906 4126 969 4177 vitia
979 4126 1102 4184 videatur
1113 4128 1211 4189 dicere,

144 4205 223 4258 Nema
234 4205 282 4269 ert]
299 4205 359 4257 Huc
371 4213 421 4270 est,
431 4211 582 4270 oportunus.
592 4203 632 4254 Id.
680 4218 737 4270 que
754 4203 917 4256 inamabilem
937 4202 1036 4256 faciant
1052 4204 1132 4257 etiam
1143 4203 1211 4256 disi
