2676 4710
78 60 120 461 53
316 319 498 372 rnnnnrn
523 292 946 368 nunnon.nor.1v.'sc.
970 316 1037 366 vn.
1138 300 1224 366 leot

126 459 231 529 quotie·
241 461 314 511 iocur
323 461 406 525 affuit,
414 461 442 512 id
451 467 502 523 est,
513 461 659 511 convivium
697 465 783 508 utrum
792 458 925 523 utriusque
935 457 1016 521 partis
1025 458 1035 506 i
1045 470 1088 519 an,
1096 456 1164 520 qnod
1173 470 1225 506 mm

96 543 171 597 uest
181 538 360 588 constitutum.
394 538 448 588 Ani
463 536 659 601 manipnimfu·
698 537 736 600 gis
748 537 884 586 ridiculum
895 544 946 596 est,
956 535 1078 584 snorum?
1094 535 1211 584 Donatus.

124 626 191 677 pun,
203 613 394 678 condiscipulos
404 614 455 663 dici
468 621 568 677 putant.
584 612 660 662 leem.
729 612 897 674 dirimerem
907 612 1017 674 reinero]
1038 610 1138 659 Volnera
1149 611 1227 659 estin

99 748 102 763 Ι
142 702 148 749 j
159 687 312 752 neonpono]
330 689 423 738 Munus
435 690 543 739 militum
559 688 606 738 sub
618 702 660 738 ec·
696 687 762 737 iibro
774 689 899 737 Bembino
914 694 942 736 ct
952 685 1112 736 victoriano.
1146 685 1227 735 Octo·

125 762 188 817 dem
200 765 331 829 papilione
343 765 503 829 degentium,
512 765 559 814 rub
569 764 660 814 eodem
696 764 784 813 nerins
792 773 879 813 autem
887 769 943 815 stat
953 761 1228 826 productapenunima

89 858 96 909 ‚j
126 838 575 905 sijuopugnantiumfflegeuiar.
599 840 661 888 Pin·
697 839 723 888 in
749 840 913 900 abstergerem.
947 838 1097 887 Priscianus
1118 835 1165 885 lib.
1187 849 1228 887 ιι.

90 972 93 977 ,
124 919 236 977 §archus
253 918 401 968 iuRomulo
416 918 506 967 scribit
525 918 660 967 Romulum
699 914 815 965 Fuiirnnr.

125 993 237 1049 tinxisse
247 994 486 1058 magnusquusdam
497 993 662 1043 mauurmili·
733 997 764 1042 1⁰
782 992 832 1049 Qui
841 991 940 1056 mulum]
966 989 1061 1039 Molem
1078 1002 1125 1051 per
1144 984 1229 1051 ropin-

78 1088 87 1151 'p
126 1070 224 1125 min
234 1071 367 1121 centuriae
382 1069 546 1130 distributas,
562 1085 588 1119 ιη
606 1070 662 1133 qni·
699 1073 764 1120 orere
785 1069 901 1117 suaviter
920 1065 1039 1116 infertur.
1074 1065 1181 1114 Plautus
1201 1064 1229 1112 in

126 1144 297 1210 homagum
309 1159 373 1201 unus
382 1145 494 1194 vehebat
502 1145 661 1207 manipulum
700 1144 820 1209 Epidico,
837 1145 919 1194 ‘Quae
937 1141 1058 1208 (maium)
1073 1141 1129 1190 haec
1145 1141 1231 1203 impu·

121 1219 194 1275 foui
214 1221 357 1273 outuerbae
375 1220 400 1268 iu
420 1229 498 1271 conto
516 1221 556 1270 vei
577 1221 662 1282 haurn,
700 1218 866 1271 dentiaesti'
888 1220 922 1268 Et
933 1233 984 1268 non
996 1218 1171 1280 interponitur
1182 1231 1231 1265 mu·

78 1354 80 1361 Ι
124 1295 661 1359 hbcmrnsisuenomenrnunipuiis.Ouid.
699 1298 759 1359 lum,
778 1295 828 1344 nisi
851 1295 931 1344 oculis
951 1293 1084 1343 conversis
1106 1290 1138 1338 nd
1161 1305 1229 1348 enin,

122 1386 175 1425 ω.
194 1373 556 1435 nost.‘1²0rncoouspensoa
576 1378 662 1435 porta·
701 1372 744 1435 qui
757 1370 783 1419 id
800 1369 867 1435 quod
885 1367 1109 1431 reprehendimus,
1124 1366 1230 1416 dixerit.

126 1449 265 1511 butiougn
276 1445 421 1511 maniplos!
448 1448 480 1496 in
492 1448 592 1510 legione
602 1461 662 1496 cen·
701 1448 794 1499 Mulrnn
805 1460 873 1495 nuuc
885 1443 1035 1508 interjectio
1044 1449 1094 1491 est.
1111 1442 1231 1490 Donum.

127 1524 296 1581 turiaerant
312 1529 353 1573 60.
372 1525 494 1588 manipuli
513 1528 553 1573 13.
573 1523 662 1572 cohor·
733 1522 804 1571 Solus
825 1521 915 1570 &nnio
935 1524 1013 1568 rerunt
1035 1518 1139 1581 domum]
1163 1517 1230 1567 flue

127 1598 286 1653 tenderem·
303 1601 376 1662 Ager.
389 1602 407 1651 Ι.
422 1615 480 1650 xvi.
492 1616 515 1650 c.
525 1603 551 1651 4.
571 1600 663 1649 Furno-
700 1597 783 1662 figura
792 1595 916 1661 rapiuntur
926 1597 1031 1645 dicitur.
1046 1597 1123 1644 idem,

127 1676 195 1730 flu·
420 1700 425 1716 u
733 1676 805 1726 Solus
812 1675 902 1724 Sannio
909 1672 1101 1735 remurmuret]
1114 1672 1160 1735 Ut,
1169 1672 1176 1699 ‘
1185 1672 1231 1722 So·

130 1802 135 1811 ,
165 1748 663 1816 Freijcrvorumeniinariorumsub
701 1753 798 1802 lamini
816 1754 883 1802 teies
900 1765 974 1801 casus
992 1748 1139 1799 Cassandra
1155 1761 1232 1797 caue·

128 1826 317 1893 archimagiro
326 1831 420 1892 Sanga.
455 1828 557 1892 Coquos
576 1833 663 1875 austero
702 1828 862 1879 bnt.'1dern.

129 1903 296 1971 proforibus
313 1906 431 1954 celebrat
447 1906 555 1953 Plautus
573 1904 598 1953 in
610 1902 663 1951 Au·
736 1906 825 1956 Serout
845 1906 950 1969 mmor]
978 1904 1033 1953 Pro
1056 1910 1182 1965 remanet,
1203 1911 1234 1954 nt

130 1980 181 2033 ini.
193 1981 318 2031 Pseudol.
329 1981 400 2030 aiibi.
418 1980 492 2028 Idem.
702 1982 832 2032 observet.
849 1982 916 2031 Nam
926 1986 1006 2031 rerunt
1016 1982 1119 2044 domem,
1132 1988 1232 2030 rectum

133 2102 138 2113 .
167 2057 258 2108 moon
268 2057 345 2119 oden]
369 2057 422 2105 Pro
433 2070 461 2104 se
479 2069 510 2105 nc
529 2069 576 2119 pro
587 2052 664 2104 disci·
703 2066 775 2107 erar:
792 2063 944 2118 non‚seroot
956 2057 1061 2119 demisi
1076 2058 1179 2107 ourtom‘t
1195 2058 1233 2106 in·

78 2182 81 2197 ,
130 2132 204 2198 pulis
214 2132 307 2195 Sauga.
324 2133 443 2180 Donatus.
704 2135 878 2196 telligeretur.
910 2136 961 2183 Vel
972 2134 1070 2197 Serrei,
1083 2149 1130 2197 pro
1141 2135 1234 2183 sedet:

168 2211 184 2260 7
203 2207 285 2265 Quid?
300 2206 398 2269 enon]
415 2209 544 2271 Apparet,
554 2221 666 2270 coquum
705 2211 737 2259 ab
750 2224 781 2258 eo
792 2210 861 2274 quod
873 2211 998 2275 sequitur,
1014 2211 1040 2259 id
1056 2212 1123 2273 quod
1137 2225 1235 2274 praece·

132 2283 170 2337 tol
186 2285 348 2349 repentinum
364 2285 501 2347 strepitum
519 2283 556 2332 sic
573 2286 667 2344 exisse,
705 2285 753 2334 dit.
763 2301 822 2334 nam
835 2301 885 2335 non
896 2294 993 2347 servm,
1005 2287 1054 2335 nisi
1069 2288 1112 2351 qni
1125 2287 1196 2350 prino
1208 2286 1233 2334 iu

132 2365 167 2411 ut
194 2369 276 2409 ortem
303 2375 374 2410 sunm
407 2360 494 2409 fueret
520 2360 667 2423 expeditur.
705 2361 922 2410 eoiocorcderit.
939 2362 1015 2411 Idem.
1219 2394 1236 2418 0

131 2433 214 2489 Iden·
738 2437 825 2487 Servat
835 2437 911 2500 domi]
927 2437 1046 2487 Donatus
1054 2439 1146 2486 domum
1155 2436 1233 2499 legit:

96 2516 102 2527 ’
133 2564 138 2571 ,
171 2511 238 2568 Quin
252 2512 347 2573 ignem,
362 2511 487 2575 peniculon
501 2526 617 2574 prrgnore,
627 2512 669 2574 qni
706 2520 735 2562 ut
746 2521 774 2563 et
785 2513 850 2562 Mon.
861 2513 951 2563 nostri.
965 2511 1012 2560 sed
1025 2512 1188 2560 vindicarunt
1199 2513 1236 2560 ai·

134 2587 256 2638 umen
271 2593 360 2651 portes,
370 2587 473 2648 rogitus]
499 2587 540 2634 Ex
554 2587 611 2650 quin
622 2588 668 2635 eii·
707 2599 788 2639 teram
797 2590 936 2638 lectionem
947 2589 1031 2639 Nonio
1040 2588 1168 2636 Marcello
1179 2602 1237 2651 pro·
1321 2611 1322 2615 =

134 2662 339 2724 dendunrertd‚
353 2664 489 2720 existeres,
502 2662 668 2713 ntoctonari·
707 2665 791 2715 batum
811 2680 869 2720 noc.
898 2666 1051 2725 sanniones,
1074 2664 1185 2727 Eruditi‚
1207 2672 1236 2714 et

137 2753 168 2790 us
180 2746 293 2788 constet.
310 2737 427 2790 Fuimus.
706 2755 774 2790 nuuc
785 2742 915 2804 Guyetus.
933 2740 1064 2791 Boecierut.

135 2866 139 2873 ,
171 2813 300 2877 BEgone]
317 2813 383 2861 Huc
395 2820 533 2862 causaest.
549 2813 669 2864 Donetue.
739 2818 825 2866 Serrai
834 2817 909 2881 domi]
925 2817 1046 2866 Custodit
1057 2831 1097 2865 rer
1107 2831 1165 2880 ane
1177 2822 1237 2864 sont

151 2889 329 2952 “Imperatoris
337 2888 451 2938 rimutern
459 2904 577 2946 noueram,
587 2894 610 2937 et
620 2890 669 2939 eim
707 2893 786 2942 domi.
803 2894 893 2942 Plant.
916 2893 1016 2941 ‘Nemo
1033 2892 1059 2940 in
1074 2891 1172 2939 aedibus
1184 2905 1236 2939 ser·

132 2965 256 3028 militem]
284 2964 344 3024 ,Hoc
363 2965 420 3027 plue
436 2965 542 3014 habebit
562 2965 630 3025 nulls,
646 2964 669 3013 tl
707 2973 767 3019 rat?
788 2977 840 3019 act.
860 2983 897 3017 sc.
915 2971 940 3015 2.
968 2967 1053 3016 ‘Quia
1072 2980 1237 3015 noueremus

136 3040 177 3091 ric
190 3040 350 3089 intellectum
368 3037 456 3102 riserit,
473 3048 503 3089 ut
519 3041 607 3102 Sanga
619 3055 669 3090 uuo
707 3059 826 3109 peregre,
848 3050 947 3093 tutatus
967 3050 1010 3099 ert
1032 3040 1118 3090 dorni?
1148 3041 1238 3090 Piuut.

139 3116 285 3181 eodemque
305 3123 424 3178 tempore
442 3123 469 3165 et
488 3123 588 3181 quaerat
606 3117 668 3182 quid
708 3116 1238 3182 Amphit.ncr.r.sc.l.1egituretuomnno

138 3193 223 3253 dicat,
233 3192 358 3256 simulque
375 3194 543 3255 respondeat,
562 3193 615 3242 Hoc
629 3209 670 3240 no·
708 3196 858 3246 Furnabins.

138 3284 229 3327 mont,
248 3269 300 3318 einr
321 3269 436 3328 sunguine
450 3269 511 3333 fieri
531 3283 578 3317 non
593 3284 670 3332 poure,
741 3278 771 3322 ll
790 3273 851 3321 Pori
861 3268 993 3335 principio]
1011 3269 1237 3333 Magnificeadri·

137 3343 438 3409 κὶὶίῦῑῑᾶῐροσδθκῆῐως·
471 3344 542 3396 Quid
559 3345 638 3406 igitur
650 3347 671 3394 ri
709 3365 766 3398 snm
784 3347 1006 3398 commoventium.
1017 3360 1075 3394 narn
1094 3346 1182 3395 dicere
1194 3347 1240 3394 de·-

138 3421 192 3473 hoe
204 3422 321 3471 sciebat?
338 3422 415 3469 idern.
710 3425 775 3488 buit,
784 3429 894 3488 portuos.
912 3424 947 3472 Et
958 3423 1026 3471 hunc
1037 3423 1123 3471 locum
1135 3422 1182 3470 sibi
1194 3437 1239 3484 op·

166 3500 276 3560 ,neme
301 3499 448 3560 iroperutoris
468 3498 582 3547 oirtnem
603 3513 672 3548 nore·
706 3499 800 3552 iimum
812 3501 899 3564 elegit,
909 3508 938 3549 ut
951 3499 1062 3547 timidos.
1078 3498 1196 3546 Donatue

140 3591 206 3639 m,
215 3581 239 3627 et
249 3579 296 3626 rien
306 3577 369 3640 mii]
380 3578 483 3627 Larudat
494 3579 560 3626 hunc
573 3592 672 3626 versum
744 3581 803 3628 Pori
811 3576 941 3642 principio]
958 3575 1074 3623 Militare
1083 3574 1180 3622 dictum
1192 3581 1241 3622 est.

140 3652 399 3707 Puscraononumx.
432 3652 575 3703 infeliciter
586 3653 673 3701 admo·
712 3657 747 3707 Er
769 3655 902 3718 ambigunt
920 3651 1004 3713 multi,
1025 3665 1057 3699 nu
1076 3651 1101 3698 in
1123 3657 1240 3699 extremo

142 3730 217 3794 dun,
238 3737 266 3780 et
288 3730 344 3779 sine
366 3731 419 3779 nile
441 3729 607 3788 necessitate,
629 3728 673 3780 Jo.
711 3734 813 3796 agmine
829 3732 865 3782 sit
882 3731 925 3780 hic
944 3732 1024 3790 iocus,
1047 3741 1080 3776 an
1100 3727 1127 3775 in
1148 3726 1240 3775 medio.

142 3806 263 3859 Priscus
285 3807 332 3868 (ad
356 3820 420 3857 vnn.
446 3805 550 3869 Apulei.
571 3805 674 3868 Miles.)
712 3810 788 3858 Mem.

143 3881 272 3946 corrigite
284 3898 320 3931 noe
329 3897 371 3943 ego
381 3883 574 3945 imperotor,&c.
585 3880 618 3929 de
631 3895 675 3942 pe·
713 3923 714 3926 ,
744 3887 805 3934 Post
813 3882 945 3947 principio]
962 3883 994 3931 Iu
1010 3881 1095 3944 prima
1114 3879 1169 3927 acie
1190 3885 1242 3926 sta·

144 3957 234 4012 nicuic
245 3959 303 4012 siue
317 3959 490 4020 lindenbrog.
507 3958 635 4007 Boeolerut·
713 3961 777 4009 bant
789 3960 895 4009 Hastati
906 3975 912 4006 :
923 3955 1074 4007 insecundo
1086 3953 1238 4017 Principes:

178 4038 197 4085 9
220 4035 270 4091 Qui
286 4035 445 4097 morogeem
463 4034 570 4097 ouiueru]
596 4034 676 4084 Queri
713 4041 771 4098 post
783 4035 828 4083 hos
841 4032 943 4082 Triarii.
978 4032 1052 4079 inter
1063 4045 1125 4095 quos
1137 4029 1187 4078 sibi
1197 4045 1242 4078 ca·

144 4113 196 4162 hoc
212 4109 294 4163 fuerit
310 4112 399 4162 auxilii
419 4125 508 4174 genus.
542 4110 613 4161 Quid
626 4111 676 4159 hoc
714 4112 752 4160 vit
762 4111 868 4159 Thraso.
887 4115 915 4157 et
933 4107 1027 4156 milites
1046 4106 1095 4171 ipsi
1113 4105 1242 4170 principer,

145 4188 208 4237 esti
223 4186 292 4241 uude
304 4188 427 4238 ruiueru?
439 4202 546 4251 quornm
556 4187 675 4237 vulnera?
714 4188 778 4239 dicti
797 4193 856 4236 runt
869 4184 1004 4248 Principio,
1015 4191 1045 4234 ut
1064 4185 1144 4246 servi,
1162 4183 1242 4233 servi·
