2676 4710
178 338 359 388 TERENTll
384 335 699 387 HEAUTON'I'IMOR·
722 335 804 383 Aur.
828 335 884 384 lll.
907 335 960 383 SC·
984 335 1024 383 11.
1066 318 1153 385 1345

48 480 165 535 sulendi
183 479 312 529 dominura
326 477 394 528 bunc
404 478 488 542 ipsun
499 486 558 526 cuni
570 475 585 506 “
624 476 710 540 poppe
720 476 778 540 oui:
801 475 899 526 ethuic
915 475 1025 526 dictioni
1041 475 1096 524 lroec
1108 474 1154 524 ad-

48 556 229 622 deniquesibi
242 556 290 605 hoc
301 568 459 618 preparans,
468 552 506 601 alc
516 557 587 615 post·
624 551 722 614 scriptu
732 557 793 600 sunt
808 550 834 600 iu
854 550 995 600 Bembina:
1021 551 1155 600 Purelcoa:

50 651 89 686 aa
101 635 187 687 dixit:
200 643 207 667 ι
218 633 319 685 Laudas
328 634 373 698 qni
383 632 458 683 beros
474 625 588 679 fallunt!
625 627 729 676 abundat
739 629 788 688 qai.
807 640 926 677 assuero
944 640 999 676 earu
1013 625 1154 676 dictionem

51 711 138 760 Idm.
626 703 705 752 etiem
725 702 787 752 alibi
807 703 960 762 invenimus,
970 701 1038 750 idam
1058 700 1154 764 signifi-

92 789 125 835 lu
138 784 247 833 Pistrino
258 782 367 846 dignum]
378 782 516 831 Servorum
528 795 589 843 sap·
626 785 728 830 cantem
739 777 808 842 quod
819 779 910 842 quippe.
928 779 1038 827 Plautus
1055 778 1082 825 in
1101 775 1155 826 Aa·

48 862 148 926 plieio.
157 860 237 909 Andr.
249 869 301 909 act.
311 872 353 910 ιιι.
365 872 404 907 sc.
415 862 438 906 4.
450 857 592 908 ulmum
626 855 735 903 lularia:
753 855 760 881 ‘
772 855 872 903 Horum
886 854 934 902 tibi
946 854 1006 902 istic
1017 852 1081 901 nibil
1093 867 1153 902 eve·

58 977 62 983 .
91 936 172 984 litans
191 935 319 997 emulum]
350 933 428 983 Liber
449 932 591 982 Bembinus
627 931 692 993 niet,
710 930 807 995 qnippe
823 929 866 994 qui
884 928 929 979 ubi
946 928 1016 992 qnod
1031 928 1156 990 surripios

49 1013 273 1063 isteacserootom.
290 1009 414 1058 Faernus.
627 1007 689 1055 nibil
700 1005 758 1056 est!
775 1006 889 1055 Fuisset.

61 1122 64 1129 -
91 1086 232 1148 uenerem]
248 1086 415 1134 Dromonem.
433 1083 575 1135 Fnuobius.
659 1085 693 1130 28
710 1082 857 1143 Magnam
867 1095 930 1144 sape
945 1081 1075 1130 remedium
1085 1081 1158 1142 oegri.

91 1166 126 1211 20
144 1158 591 1224 Spretibitinnsimoidddspecta-
629 1158 795 1222 tudinusaeat]
813 1157 1092 1209 0.l.s.idremediasn.
1118 1157 1159 1207 la.

51 1246 131 1291 tores
143 1238 410 1296 ve1·sns‚secumliee,
423 1251 493 1286 inore
505 1236 593 1287 Comi·
662 1239 695 1284 8⁰
711 1236 802 1284 «Iocone
811 1249 844 1283 oa
853 1234 917 1284 serio
926 1233 981 1295 illu]
997 1231 1039 1282 An
1051 1234 1160 1283 consilio

51 1328 102 1365 oo.
123 1312 254 1363 Boecleras.
629 1311 720 1363 isthec
732 1312 812 1375 dicat,
826 1326 860 1361 eu
868 1312 941 1376 joco,
951 1311 1098 1374 intelligere
1109 1325 1162 1360 non

92 1387 156 1452 Syre
178 1389 230 1446 tibi,
249 1387 302 1451 isc]
329 1386 454 1451 Aversns,
474 1385 542 1451 apud
563 1401 600 1436 sc.
630 1402 752 1450 possum:
771 1403 849 1437 aruum
869 1387 1046 1437 tantummodo
1065 1388 1161 1437 iutelli-

53 1466 120 1515 beec
132 1465 220 1528 Syrus.
238 1464 381 1514 Farnobiu.
630 1477 673 1526 go,
683 1463 751 1528 quod
763 1463 826 1512 mibi
837 1464 868 1514 ad
884 1464 942 1525 boc,
953 1464 1021 1526 qnod
1039 1463 1162 1526 disposui,

92 1545 137 1591 tl.
149 1545 181 1591 22
200 1539 265 1595 Quid
274 1539 387 1598 securi?
404 1540 493 1602 aliquid
503 1538 592 1602 reperi·
630 1540 747 1589 cumulat
759 1542 929 1590 voluntatens.
947 1538 1107 1602 Eogroplsiue.

54 1614 349 1681 retffiagerelsoltocios]
368 1615 437 1667 Quid
449 1615 536 1664 facere
548 1614 593 1663 de·
662 1616 745 1666 Jocou’
755 1631 787 1665 aa
795 1618 855 1666 mio
864 1618 926 1666 ittae
937 1615 1097 1678 operando]
1108 1616 1162 1664 Ite·

55 1692 164 1743 beliat?
180 1691 293 1741 debebat
304 1691 399 1756 aliquid
411 1693 536 1754 reperire,
547 1692 593 1741 de·
631 1705 687 1740 turn
695 1692 728 1740 ad
740 1699 901 1756 spectatores
913 1705 1063 1752 conversus,
1074 1706 1162 1741 secono

55 1767 145 1819 beliat
155 1765 270 1817 fallacias
281 1767 389 1832 fingere.
407 1769 536 1818 Boeclerus.
632 1768 754 1831 loquitur.
770 1770 899 1819 Boeclerus.

68 1890 74 1895 .
94 1849 130 1895 24
145 1846 223 1906 Atque
233 1845 296 1894 binc
305 1845 424 1910 difficilem
434 1845 536 1893 inuitum
544 1859 594 1894 ser·
663 1845 751 1893 Jocone
762 1860 793 1893 oa
809 1844 870 1893 serio
886 1842 941 1907 iiio]
963 1843 1030 1895 Haec
1048 1848 1164 1902 aversus,

55 1924 133 1973 earet
143 1918 234 1980 amen]
250 1920 304 1968 Hic
314 1920 381 1969 enirn
392 1921 464 1970 color
473 1920 596 1984 adjicien·
632 1922 702 1985 epod
714 1938 743 1970 sa
753 1930 782 1972 et
792 1929 966 1987 spectatores.
988 1922 1132 1972 nemausa

58 1997 111 2047 dos
123 1996 183 2057 fnit,
195 1997 239 2062 qui
256 2011 317 2047 mox
329 1999 438 2061 amplius
450 2005 596 2059 tractatum
665 2002 697 2048 sl
715 1998 775 2048 Nisi
789 1999 850 2047 milii
862 1999 957 2061 qudem
970 1998 1039 2048 addit
1048 1997 1165 2058 meam,

58 2087 97 2125 ne
109 2073 252 2137 improbius
264 2074 333 2137 loqui
352 2089 432 2122 senex
452 2073 595 2124 videretur.
634 2075 765 2137 qeolubmi
775 2073 1165 2139 nugifluiqouemtotuneen·

59 2149 284 2215 qussi‚quicqoid
304 2151 331 2198 iu
350 2150 444 2199 talibus
462 2157 596 2212 peccatur,
635 2150 725 2200 teutiae
744 2149 860 2199 habitum
880 2150 1021 2212 componit.
1037 2148 1163 2212 nisi,pro,

60 2225 177 2275 utilitate
184 2226 297 2290 ejus,qui
304 2224 597 2289 decipitnrrependere·
634 2225 682 2274 nisi
692 2228 760 2288 qood.
771 2241 815 2288 quo
825 2224 903 2274 lubeat
913 2225 998 2285 mugio.
1007 2223 1050 2272 hic
1061 2221 1165 2285 insides

61 2308 117 2352 ter.
130 2300 200 2349 siue:
218 2316 269 2350 nou
277 2316 353 2364 posse
364 2301 440 2350 aliter
451 2302 598 2363 nonnullos,
635 2301 692 2362 plus
704 2299 885 2364 significationi
897 2299 979 2360 addit,
990 2312 1065 2362 quam
1079 2299 1164 2348 verbis

61 2389 142 2440 quain
154 2374 305 2438 decipiendo
312 2376 407 2438 juvari.
424 2376 552 2425 Boeelenu.
635 2374 725 2425 denuit.
736 2375 864 2439 quomodo
879 2375 947 2424 enim
963 2373 1106 2424 allubescat
1116 2374 1165 2438 Sy·

97 2455 130 2500 2⁵
150 2451 250 2515 Garris]
260 2452 362 2500 Vernili
373 2450 495 2500 libertate
504 2450 529 2499 in
539 2464 597 2514 spe·
635 2465 664 2499 ro
676 2451 809 2499 consilium
827 2448 936 2500 fallendi
951 2450 1035 2509 beros,
1051 2449 1164 2514 quodam

61 2527 135 2578 ciem
146 2534 266 2577 assumta.
291 2527 401 2575 Plautus
413 2527 505 2589 plene:
521 2541 599 2587 simos
635 2525 780 2575 reticentia
792 2525 865 2590 liujus
876 2524 1088 2589 geniosiguatur.
1107 2525 1166 2574 Bes

59 2601 157 2665 garrio,
166 2602 269 2653 circu.
281 2618 305 2651 v.
315 2607 339 2651 2.
350 2602 599 2653 ticontradicentis:
633 2602 717 2650 olenio.

63 2692 119 2727 nou
132 2677 199 2726 enirn
211 2677 325 2726 audebat
336 2677 417 2739 Syros
432 2677 539 2726 credere
551 2676 599 2727 ali·
667 2681 699 2726 32
716 2679 752 2726 Et
761 2693 822 2726 nesio
837 2677 896 2743 pisid
905 2677 1026 2741 expectat]
1044 2676 1097 2726 Hie
1107 2676 1163 2739 jain

63 2761 119 2816 ter,
130 2769 206 2819 quarn
218 2754 306 2805 deludi
323 2768 351 2802 se
368 2755 401 2803 ab
418 2755 490 2805 bero.
509 2763 601 2818 captat
636 2755 697 2805 dina
719 2762 827 2805 accinat
853 2756 1027 2805 adolescentis
1053 2768 1166 2816 servum,

63 2836 178 2894 uterquc
201 2837 228 2879 et
246 2837 367 2894 cuptetor
387 2831 414 2879 iu
439 2830 487 2879 liae
512 2845 598 2880 sceua.
635 2833 752 2882 bortatur
761 2847 832 2880 airuns
845 2833 973 2892 dominns,
984 2831 1029 2897 qui
1045 2831 1102 2893 ipse
1117 2830 1165 2879 lios

68 2908 146 2956 lolem·
635 2908 818 2957 dolosteudat·
850 2907 973 2969 Denique
991 2905 1166 2967 adjecit,‘At

102 2982 202 3045 Garris]
214 2981 336 3042 Negatis,
345 2981 414 3029 alind
424 2989 503 3048 atque
512 2982 599 3047 loque·
635 2991 663 3032 ta
693 2982 813 3044 adjutare
845 2989 952 3043 oportet
979 2980 1166 3029 adolescentuli

64 3059 102 3107 ris
115 3057 238 3107 sentiens.
256 3056 398 3106 For-sobius.
467 3105 469 3109 Α
635 3057 730 3107 οοιιοο.’
747 3056 911 3118 Eugroplius.

103 3130 252 3196 Oportebout
260 3131 333 3196 Syre]
347 3133 528 3195 neumausi,
538 3146 599 3196 pate-
668 3134 703 3181 Ei
720 3147 782 3181 nuuc
796 3134 852 3194 quid
868 3131 999 3195 exspectat]
1027 3130 1085 3180 Hoc
1102 3130 1167 3180 illud

65 3222 114 3270 que
135 3212 251 3271 oportent.
274 3206 355 3256 Andr.
378 3214 430 3258 ect.
451 3222 497 3258 ιιι.
518 3224 556 3258 sc.
575 3214 600 3260 2.
636 3216 702 3269 erat,
721 3209 795 3271 cnjus
811 3222 890 3256 cansa
906 3209 1018 3257 colorem
1035 3207 1107 3255 illum
1126 3208 1164 3257 in·

67 3285 146 3336 Idem.
636 3282 1114 3348 duxituolebstdecipiMenedemus3
1127 3291 1167 3333 at·

101 3363 136 3410 26
151 3359 183 3407 Ia
194 3359 306 3408 locavero
317 3360 398 3423 bodo]
411 3361 484 3409 Beue
495 3358 600 3423 adjecit,
636 3377 687 3426 qne
697 3369 728 3411 ut
737 3370 836 3412 uiatore
848 3362 1023 3425 deciperetur,
1033 3361 1168 3424 negotium

67 3451 103 3486 ne
114 3441 266 3499 perpetuam
275 3435 460 3485 malefaciendi
469 3437 601 3486 licentiam
636 3438 768 3487 Chremeti
787 3436 905 3486 dederat.
921 3437 942 3485 is
959 3435 1097 3498 prehendit
1117 3436 1165 3499 Sy-

68 3511 153 3562 serris
165 3510 250 3560 deret.
268 3511 432 3572 Eugnopbier.
591 3556 595 3561 .
637 3529 703 3575 rum,
715 3516 732 3563 i.
742 3529 766 3562 e.
778 3514 868 3572 ambit,
879 3514 1011 3563 demulcet
1021 3514 1166 3573 hactenns;

76 3615 80 3620 ·
75 3586 601 3651 Ialoeo]Nousemperetiuoruuibus3
637 3596 665 3639 et
691 3605 751 3640 mox
774 3590 857 3653 pelam
877 3589 1039 3648 exhortatur,
1062 3594 1093 3637 ut
1118 3586 1167 3636 fiat

68 3678 161 3715 vernon
176 3662 332 3726 quandoque
350 3670 378 3712 et
396 3663 602 3714 circumstantia·
638 3667 705 3730 quod
724 3673 786 3714 ente
809 3665 980 3715 dictumest:
1009 3664 1104 3726 ‘Syrus
1123 3670 1167 3712 est

69 3753 127 3791 rum
145 3739 343 3802 opportuoitate
364 3738 511 3792 observate.
535 3742 603 3790 Far·
638 3740 847 3804 prehendendum,
880 3748 959 3806 atque
991 3739 1167 3790 adhortandus

69 3816 164 3867 nubitis
638 3815 724 3876 milri3
740 3816 766 3864 sd
777 3825 828 3877 est
839 3818 947 3866 comiter
959 3815 1126 3878 inducendus,
1137 3822 1166 3865 et

103 3896 137 3943 st
167 3891 259 3954 Quippe
280 3891 336 3954 quia
356 3893 507 3955 mmmm]
525 3891 602 3941 Nam
639 3890 747 3940 subinde
767 3891 944 3941 cohortatione
966 3890 1116 3951 firmandos,
1136 3896 1172 3941 ut

71 3965 375 4032 quietationttempore‚
387 3967 603 4030 maximumsaepe
638 3966 782 4017 subserviat
791 3975 879 4016 nostro
890 3969 1005 4017 consilio
1017 3968 1186 4018 Βοιοὶοιίιο.Ι

71 4042 215 4093 remedium
235 4050 285 4103 est,
302 4055 335 4090 ne
356 4042 458 4106 gravior
474 4043 604 4106 egritudo
672 4043 803 4107 Expectat]
818 4046 927 4093 Dromo.
944 4043 1085 4093 Famuline.
1184 4050 1189 4060 “

71 4120 204 4171 uideatur.
222 4119 383 4181 Eogropiiur.
667 4124 703 4170 33
719 4119 807 4182 Abeot]
826 4121 917 4170 Clinia.
945 4121 1041 4170 Ῑιὶοοι.1

108 4194 202 4255 Quippe
219 4193 285 4256 quio]
309 4195 340 4242 ln
351 4195 423 4243 libris
434 4195 544 4262 antiquis
556 4203 610 4257 est:-
673 4198 733 4247 Cion
741 4199 840 4248 tolerare
846 4197 914 4258 iuius
921 4196 1165 4261 sunsptusmqeeot]

141 4273 229 4338 oetpu.
240 4278 265 4322 ct
277 4274 332 4325 Vor.
343 4275 407 4325 Cloe·
575 4275 668 4326 Terent.
1043 4281 1059 4326 4
1076 4278 1100 4330 Q
