2676 4710
162 311 248 378 1226
499 327 607 376 nuria
631 327 830 378 venturust
856 327 894 377 tn

200 469 286 518 Vm
307 467 347 516 alli
368 465 500 529 notam]
526 468 619 517 Utrum
642 468 691 519 tilri
727 469 813 518 tentis
834 471 898 532 ruit,
923 470 995 520 illam
1020 470 1155 520 homiaem
1184 469 1257 520 serris

162 547 308 605 nulcsturu,
330 558 362 591 an
386 544 460 592 aliisi
477 543 523 592 sed
544 545 611 607 aliis,
630 545 692 608 quia
727 547 805 595 etiarn
818 560 875 595 csse
892 548 1021 611 pejorem:
1040 549 1105 612 quia
1121 556 1150 596 et
1165 563 1256 610 servu,

117 620 128 643 ⁶
159 620 342 670 illaturusest.
362 618 437 668 Iden.
727 621 1066 685 humontisi'lrorruione,
1082 623 1256 672 'sm-nlo

200 697 563 758 Unimanum&
579 698 694 760 trtooler,
727 700 822 747 minem
844 713 948 749 cansam
968 711 1046 749 orere
1068 700 1143 763 lego
1163 714 1215 749 nos
1231 698 1257 746 ri-

162 775 204 824 slri
225 778 315 834 tempus
341 773 386 820 tibi
416 772 474 835 erit]
500 773 693 838 Preterqaam,
726 774 811 823 nunt!
828 775 905 825 Iden.

162 847 231 912 quod
254 846 332 896 officii
354 847 502 896 comitatem
529 849 585 897 lieu
612 848 693 898 rerba
761 850 832 910 lusco
850 851 945 914 infimo
960 851 1039 900 σιώ
1055 847 1132 914 nte]
1147 847 1256 900 Oridr.

163 923 323 985 exprimunt,
338 923 442 985 insuper
462 923 590 986 ingenium
610 938 692 973 mere·
728 922 808 973 Trist.
821 938 849 974 r.
861 927 973 987 Πομ.
987 926 998 971 .‘
1010 925 1074 975 Nou
1086 925 1156 974 adeo
1166 923 1253 981 cecidi,

163 1002 257 1050 tricum
280 1007 307 1048 et
329 1001 465 1059 accismos,
492 1000 583 1064 quibua
606 1015 693 1049 aman·
728 1001 844 1064 quamvis
863 1001 990 1064 abjectus,
1006 1008 1037 1051 nt
1055 1000 1131 1050 inira
1146 1002 1185 1050 'l'e
1201 1015 1255 1066 ost-

163 1078 227 1126 tium
240 1076 408 1140 cupiditatem
428 1075 490 1124 dum
507 1073 638 1137 differunt,
654 1077 692 1124 iu·
729 1090 778 1138 que
795 1077 851 1137 siro,
869 1075 977 1126 inferius
994 1092 1047 1142 quo
1061 1078 1131 1127 nlltil
1146 1091 1205 1127 esse
1219 1089 1256 1140 pt·
1301 1059 1303 1080 ⁴

164 1152 289 1212 cendunt,
309 1160 428 1215 spectare
455 1150 584 1200 uidentur.
610 1153 692 1214 possis
729 1151 800 1203 test.’
818 1153 961 1202 qudies.

164 1229 315 1278 describere
332 1228 418 1276 serbis
429 1227 515 1274 Plauti
527 1227 553 1274 iu
565 1227 651 1276 Milite
661 1240 691 1276 rt.
761 1232 793 1276 37
812 1229 861 1284 Qu·
882 1230 937 1278 lraic
958 1228 1066 1278 αιἰω
1088 1228 1208 1278 matut
1224 1226 1253 1275 io·

164 1309 190 1354 2.
202 1309 242 1354 9⁵.
252 1308 301 1353 dre.
324 1305 481 1352 ‘Treceutre
494 1311 599 1365 possunt
609 1317 692 1352 conse
729 1304 838 1365 dnum]
857 1303 985 1367 Proprie:
1003 1317 1064 1351 nam
1082 1305 1184 1352 animus
1193 1303 1254 1351 inde·

164 1381 264 1444 colligi:
283 1381 341 1429 Nou
359 1379 428 1427 domi
440 1385 490 1439 est,
502 1378 568 1426 abiit
578 1379 693 1427 ambula·
730 1379 798 1428 citur
809 1379 944 1429 adversum
952 1379 1074 1443 objectu
1085 1377 1253 1431 difficultates

163 1465 234 1506 tum:
260 1456 364 1516 dormit,
381 1464 499 1514 ornetur,
516 1455 597 1516 lavat,
614 1455 694 1504 Pran-
729 1454 849 1503 nmen.
1300 1484 1303 1493 ,

164 1533 220 1593 det,
236 1540 320 1596 putat,
337 1538 464 1594 occupata
476 1537 526 1591 est,
543 1544 630 1593 operm
641 1545 692 1579 uon
762 1533 794 1578 38
813 1532 836 1577 a·
846 1531 946 1594 stum
965 1536 990 1580 te
1001 1535 1084 1594 pstor-o
1099 1531 1181 1581 cii-r
1197 1546 1253 1595 piru

164 1617 216 1668 est,
232 1623 283 1657 nou
299 1614 395 1670 potest.
428 1608 560 1658 Quantum
578 1607 616 1654 ris
635 1621 693 1670 pro·
729 1605 846 1669 outre]
861 1606 937 1654 Unde
952 1606 1009 1655 siue
1020 1605 1119 1657 damno
1136 1614 1183 1657 aut
1197 1609 1253 1657 ιιΙο

165 1682 312 1733 lationem!
331 1683 456 1730 Boecleru
730 1681 793 1730 nilril
806 1680 1008 1744 potestuuierri.
1025 1682 1106 1739 lasa
1301 1712 1302 1717 =

198 1763 230 1807 ἥ
250 1759 298 1806 Ubi
311 1765 402 1820 tempus
417 1757 462 1805 tili
476 1756 534 1818 erit]
552 1758 612 1807 Nou
624 1772 692 1806 ams-
766 1758 789 1805 Ε
798 1756 910 1821 flam]
928 1757 988 1807 Hoc
1007 1757 1149 1821 intelligit,
1166 1772 1215 1808 nou
1228 1772 1253 1806 ex

164 1834 225 1884 tori.
260 1835 293 1882 Et
309 1834 352 1882 ubi
373 1842 400 1883 tu
420 1833 506 1883 uoles:
525 1848 575 1882 uon
586 1842 615 1883 ut
626 1848 694 1884 nnuc
732 1829 802 1894 foco,
812 1834 860 1881 sed
870 1848 903 1882 ex
915 1833 999 1882 medio
1011 1833 1077 1896 igni,
1091 1835 1136 1884 vel
1148 1834 1254 1884 lucendio

164 1909 193 1957 iu
204 1908 289 1957 Milite
302 1909 408 1969 pateris.
427 1909 541 1957 Donatus.
731 1905 858 1969 ilammae.¹
876 1909 943 1958 Nam
952 1910 1255 1972 autumantium,

202 1984 249 2032 Ubi
268 1990 358 2046 tempus
377 1983 422 2031 tibi
441 1984 498 2042 erit,
517 1988 556 2031 sut
573 1983 652 2045 lubet,
671 1984 694 2033 si
730 1982 846 2032 ‘Petere
858 1983 944 2031 cilrum
957 1997 972 2031 e
984 1981 1255 2049 flammu’norderqae

164 2065 217 2107 tunt
232 2059 355 2122 recipitur]
373 2058 423 2107 iiis
441 2059 515 2107 dictis
535 2066 562 2108 et
581 2060 694 2110 Militem
732 2059 964 2123 utrumquesimul.
976 2065 1005 2107 ut
1016 2059 1123 2108 nescias
1135 2072 1256 2124 quemue·

164 2134 262 2196 repulit
272 2135 304 2185 ab
317 2135 402 2183 animo
413 2135 572 2195 Meretricis,
586 2143 614 2184 et
625 2150 694 2184 com·
726 2133 770 2196 jus
783 2134 980 2196 vituperaverit,
991 2133 1104 2197 hujusne
1115 2134 1220 2198 famem,
1228 2150 1255 2184 u

164 2210 299 2261 mondavit
313 2209 528 2261 Adoleseeutem:
544 2219 573 2260 et
584 2211 694 2275 perfecit
732 2209 799 2258 illino
821 2209 1016 2271 immanitatem,
1039 2211 1083 2259 vel
1108 2213 1255 2276 voraginem.

165 2299 201 2335 nc
221 2286 313 2350 injurie
332 2285 452 2335 rideatur
471 2287 540 2350 apud
561 2288 693 2350 Thaidem,
733 2285 768 2334 Et
789 2285 864 2333 simul
883 2285 942 2333 ride
960 2285 1107 2336 convitium
1126 2288 1257 2346 redditum,

164 2362 234 2425 quod
259 2369 351 2426 sponte
371 2364 515 2427 susceperit
536 2364 693 2415 Phaedriam.
731 2360 800 2410 uude
812 2361 958 2424 conjectum
981 2369 1037 2410 est:
1055 2361 1084 2410 id
1095 2370 1150 2426 est,
1160 2363 1194 2414 de
1203 2377 1256 2428 pan·

167 2438 243 2490 tuen.
732 2443 835 2501 portate
845 2442 873 2486 et
883 2444 1009 2500 egestste.
1026 2438 1104 2487 Iden.

198 2519 230 2562 ⁸8
248 2517 352 2578 Apparet
368 2531 460 2564 morsm
473 2517 535 2566 hunc
545 2532 595 2566 esse
605 2519 694 2566 donini
765 2514 789 2562 Ε
801 2512 912 2576 stoan,
923 2510 976 2576 ipo]
995 2513 1098 2577 Epulas
1107 2529 1159 2579 pro
1170 2515 1258 2567 tutele

164 2589 287 2651 pemeria]
303 2591 439 2638 Tristiores
459 2593 527 2639 enirn
547 2599 607 2640 suut
626 2594 692 2641 serri
731 2590 868 2652 iurogum
887 2589 1015 2654 conjicere
1032 2592 1114 2657 moris
1135 2602 1208 2654 erct;
1221 2606 1258 2640 ex·

166 2678 319 2727 pauperum,
335 2672 363 2713 et
380 2664 414 2712 ob
432 2666 479 2713 lroc
495 2668 577 2728 ipsum
590 2670 694 2730 nequiu·
733 2675 824 2716 treme
842 2673 930 2715 autem
948 2665 1128 2718 mendicitatis
1144 2676 1173 2720 et
1186 2671 1257 2734 impu·

164 2753 216 2788 res.
226 2745 254 2787 et
262 2739 311 2787 hoe
322 2739 413 2786 melius
421 2747 493 2788 erat:
506 2743 621 2804 quamvis
631 2742 694 2791 illud
732 2742 829 2791 dentiae
838 2742 984 2792 habebatur
996 2743 1058 2793 iude
1070 2744 1158 2796 cibum
1169 2755 1258 2808 petere.

166 2815 242 2863 aliter
253 2813 388 2863 Parasitus
397 2823 521 2877 exponat.
538 2816 614 2866 idern.
732 2818 846 2868 Lucilius
871 2817 941 2882 apud
970 2817 1086 2869 Nouium
1106 2820 1136 2868 iu
1158 2812 1258 2870 Marcel.

199 2890 299 2940 Doraisi
324 2891 436 2954 pauperis
460 2891 598 2956 munique]
622 2895 695 2944 Bene
734 2893 889 2943 ‘Mordicun
908 2901 999 2956 petere
1016 2895 1258 2946 aurumexiiarumr

165 2964 284 3016 additum
304 2965 400 3014 unsri:
417 2966 478 3029 qrria
499 2981 549 3016 non
571 2972 695 3019 contiuno
732 2970 971 3034 expediaeecreno
982 2970 1087 3020 cibum!
1096 2980 1126 3021 et
1137 2974 1259 3025 catulum

164 3057 269 3105 psuper
280 3044 359 3091 etiam
371 3042 449 3091 miser
459 3052 508 3093 est·
523 3045 599 3095 idem.
732 3046 741 3074 ‘
753 3046 825 3094 Uxor
837 3046 952 3108 Meneni,
967 3060 1037 3109 sape
1052 3061 1132 3110 quam
1146 3050 1175 3097 in
1184 3049 1259 3112 sepul·

200 3121 231 3166 u
249 3119 313 3165 Num
324 3119 400 3166 ltercle
411 3133 476 3167 nemo
491 3119 582 3184 posset]
597 3122 694 3173 Secun-
733 3121 813 3169 cretis
835 3120 944 3171 Vidistis
961 3122 1018 3184 ipsu
1037 3136 1132 3185 rapere
1152 3122 1188 3173 de
1204 3138 1259 3187 rupo

165 3192 227 3241 duur
239 3194 311 3253 illud,
321 3194 376 3255 Ait,
392 3196 439 3252 uio,
458 3198 587 3258 approbat
598 3200 694 3262 parari·
733 3194 850 3258 coenam,’
866 3200 917 3245 dcc.
932 3198 981 3246 lroe
998 3194 1138 3248 factitasse
1154 3214 1256 3260 scurrus,

165 3269 298 3332 mequod
319 3271 397 3318 Miles
416 3270 491 3319 dixit.
524 3273 558 3321 Et
570 3282 610 3324 est
621 3275 694 3335 ordo,
731 3273 847 3322 meminit
868 3273 1036 3335 Plutarchus,
1052 3276 1213 3338 βωμολοχοῦν
1226 3273 1258 3325 roi

167 3346 237 3395 Nam
255 3345 340 3394 lrercle
360 3345 422 3393 satis
440 3346 503 3407 scio,
521 3361 596 3397 nemu
609 3358 695 3412 posset
730 3347 881 3408 πλανώμενον
888 3346 965 3408 γένος.
982 3349 1127 3401 Facundiae.
1239 3392 1244 3401 .

166 3423 236 3471 ltuuc
248 3421 360 3485 perpeti,
378 3421 423 3485 qui
442 3422 550 3472 liaberet
563 3425 607 3488 qui
619 3439 694 3489 para·
764 3429 796 3473 89
812 3426 897 3474 Jorutte
907 3424 980 3487 imus]
1005 3425 1104 3476 Odium
1122 3427 1259 3480 Parmeno·

169 3508 212 3549 ret
224 3500 300 3548 alium
314 3511 427 3547 servum.
443 3498 518 3546 Idem.
732 3502 781 3561 uis,
793 3508 821 3549 et
832 3501 990 3550 stomachum
1001 3501 1093 3550 militis
1105 3503 1259 3555 ieta‘iudiett

202 3577 265 3624 Nom
275 3576 351 3624 ltercie
362 3590 429 3623 rems
438 3574 527 3638 posset]
539 3575 695 3626 Aliamcau·
731 3576 875 3626 festinatio.
897 3583 925 3624 et
943 3576 1009 3630 Jom.
1026 3576 1175 3644 increpatio
1187 3593 1258 3630 more

166 3665 221 3700 tatu
241 3651 403 3699 subtiliorem
423 3651 535 3710 assignat
554 3651 696 3716 Parasitus,
731 3660 781 3701 est.
799 3652 917 3700 Donatus.

164 3742 241 3793 quant
253 3742 327 3791 quarn
340 3727 442 3775 dixerut
454 3727 539 3775 Miles.
556 3729 630 3777 Idm
763 3729 849 3776 domne
866 3726 938 3789 imus]
966 3726 1067 3779 lterum
1089 3739 1169 3794 urget
1190 3731 1258 3787 Thai·

198 3808 229 3853 86
249 3804 298 3859 Qui
317 3803 413 3852 iuberet
432 3802 473 3864 qui
492 3803 601 3866 pararet]
618 3804 694 3854 Prius
731 3802 789 3852 dem
807 3803 879 3852 milet
899 3803 932 3851 ud
951 3802 1074 3852 eundum.
1093 3820 1205 3871 cumque
1221 3808 1259 3857 itta

168 3879 226 3942 Qut,
244 3892 397 3943 pronomen:
417 3893 526 3942 sequens
546 3878 693 3929 adverbium
731 3878 827 3943 aliquid
840 3893 918 3927 ruorae
930 3878 1123 3941 interponeret,
1140 3896 1192 3931 non
1208 3882 1258 3931 sine

167 3963 216 4003 sat.
234 3956 309 4004 Idem.
730 3952 883 4013 offensione,
902 3963 931 4002 et
952 3953 1046 4002 futurae
1069 3956 1125 4005 litis
1145 3959 1255 4021 augurio,

199 4035 232 4080 86
249 4033 324 4086 Quem
341 4048 384 4094 ego
398 4046 449 4081 erre
466 4037 523 4094 puto
537 4032 605 4093 ituro
618 4033 694 4083 onmis
730 4045 772 4091 ego
791 4029 845 4078 diac
861 4030 927 4091 odeo,
944 4029 1045 4093 iuquit:
1069 4034 1256 4098 taittaacoppt·

167 4103 258 4164 iafimm
276 4106 390 4171 hmines]
406 4108 517 4157 Multum
536 4107 611 4166 dixit,
627 4107 694 4171 ἅψαι
729 4105 786 4153 rire.
799 4105 841 4152 cui
853 4104 924 4153 dicto
934 4105 1120 4168 purnitussuo
1131 4121 1256 4160 moretts.

166 4177 260 4241 infimos
277 4185 351 4231 onmis
370 4184 482 4234 imm.
500 4197 560 4236 nam
573 4184 692 4252 luae-seu·
729 4180 1192 4255 timrationemadulatorie—subjicitr
1202 4202 1256 4253 qna·
