<?xml version="1.0" encoding="UTF-8"?>
<!DOCTYPE html PUBLIC "-//W3C//DTD XHTML 1.0 Transitional//EN"
    "http://www.w3.org/TR/xhtml1/DTD/xhtml1-transitional.dtd">
<html xmlns="http://www.w3.org/1999/xhtml" xml:lang="en" lang="en">
 <head>
  <title>
</title>
<meta http-equiv="Content-Type" content="text/html;charset=utf-8" />
  <meta name='ocr-system' content='tesseract 3.04.00' />
  <meta name='ocr-capabilities' content='ocr_page ocr_carea ocr_par ocr_line ocrx_word'/>
</head>
<body>
  <div class='ocr_page' id='page_1' title='image "./comoedisex02westgoog_0041.png"; bbox 0 0 2676 4710; ppageno 0'>
   <div class='ocr_carea' id='block_1_1' title="bbox 128 291 868 360">
    <p class='ocr_par' dir='ltr' id='par_1_1' title="bbox 128 291 868 360">
     <span class='ocr_line' id='line_1_1' title="bbox 128 291 868 360; baseline -0.014 -10"><span class='ocrx_word' id='word_1_1' title='bbox 128 291 214 360; x_wconf 79' lang='grc'>1048</span> <span class='ocrx_word' id='word_1_2' title='bbox 471 294 581 344; x_wconf 69' lang='lat' dir='ltr'>Nom</span> <span class='ocrx_word' id='word_1_3' title='bbox 603 292 805 341; x_wconf 68' lang='lat' dir='ltr'>Vhlilsslilil</span> <span class='ocrx_word' id='word_1_4' title='bbox 827 291 868 340; x_wconf 76' lang='lat' dir='ltr'>its</span> 
     </span>
    </p>
   </div>
   <div class='ocr_carea' id='block_1_2' title="bbox 126 431 1213 505">
    <p class='ocr_par' dir='ltr' id='par_1_2' title="bbox 126 431 1213 505">
     <span class='ocr_line' id='line_1_2' title="bbox 126 431 1213 505; baseline -0.017 -5"><span class='ocrx_word' id='word_1_5' title='bbox 126 445 278 500; x_wconf 77' lang='lat' dir='ltr'>iuuentutio</span> <span class='ocrx_word' id='word_1_6' title='bbox 297 441 401 503; x_wconf 85' lang='lat' dir='ltr'>sororis,</span> <span class='ocrx_word' id='word_1_7' title='bbox 415 438 515 505; x_wconf 73' lang='lat' dir='ltr'>relique</span> <span class='ocrx_word' id='word_1_8' title='bbox 531 435 651 501; x_wconf 83' lang='lat' dir='ltr'>perrsrle</span> <span class='ocrx_word' id='word_1_9' title='bbox 686 434 784 497; x_wconf 70' lang='lat' dir='ltr'>tingere</span> <span class='ocrx_word' id='word_1_10' title='bbox 793 432 868 484; x_wconf 85' lang='lat' dir='ltr'>multi</span> <span class='ocrx_word' id='word_1_11' title='bbox 876 439 997 498; x_wconf 86' lang='lat' dir='ltr'>possunt:</span> <span class='ocrx_word' id='word_1_12' title='bbox 1008 431 1116 484; x_wconf 77' lang='lat' dir='ltr'>formum</span> <span class='ocrx_word' id='word_1_13' title='bbox 1127 448 1213 487; x_wconf 75' lang='lat' dir='ltr'>uene.</span> 
     </span>
    </p>
   </div>
   <div class='ocr_carea' id='block_1_3' title="bbox 125 510 1213 1035">
    <p class='ocr_par' dir='ltr' id='par_1_3' title="bbox 125 510 1212 809">
     <span class='ocr_line' id='line_1_3' title="bbox 127 510 763 589; baseline -0.031 -12"><span class='ocrx_word' id='word_1_14' title='bbox 127 533 156 577; x_wconf 89' lang='lat' dir='ltr'>et</span> <span class='ocrx_word' id='word_1_15' title='bbox 162 523 278 589; x_wconf 86' lang='lat' dir='ltr'>jucunde</span> <span class='ocrx_word' id='word_1_16' title='bbox 289 525 434 568; x_wconf 81' lang='lat' dir='ltr'>narrantur.</span> <span class='ocrx_word' id='word_1_17' title='bbox 465 516 541 568; x_wconf 76' lang='lat' dir='ltr'>Quod</span> <span class='ocrx_word' id='word_1_18' title='bbox 552 514 575 563; x_wconf 90' lang='lat' dir='ltr'>sl</span> <span class='ocrx_word' id='word_1_19' title='bbox 586 514 650 562; x_wconf 83' lang='lat' dir='ltr'>huno</span> <span class='ocrx_word' id='word_1_20' title='bbox 688 510 763 559; x_wconf 81' lang='lat' dir='ltr'>ldess.</span> 
     </span>
     <span class='ocr_line' id='line_1_4' title="bbox 125 584 1211 660; baseline -0.022 -10"><span class='ocrx_word' id='word_1_21' title='bbox 125 589 650 660; x_wconf 76' lang='lat' dir='ltr'>brevitatemqusssisset‚‘Effertur,imus‚</span> <span class='ocrx_word' id='word_1_22' title='bbox 711 584 1211 648; x_wconf 62' lang='lat' dir='ltr'>Uirililsupru]&#39;t:ss.ertse&#39;l&#39;erentim;</span> 
     </span>
     <span class='ocr_line' id='line_1_5' title="bbox 126 661 1212 738; baseline -0.016 -11"><span class='ocrx_word' id='word_1_23' title='bbox 126 677 159 726; x_wconf 81' lang='lat' dir='ltr'>ed</span> <span class='ocrx_word' id='word_1_24' title='bbox 170 673 314 738; x_wconf 87' lang='lat' dir='ltr'>sepulcrum</span> <span class='ocrx_word' id='word_1_25' title='bbox 325 670 449 731; x_wconf 84' lang='lat' dir='ltr'>venimus,</span> <span class='ocrx_word' id='word_1_26' title='bbox 465 666 497 716; x_wconf 90' lang='lat' dir='ltr'>ln</span> <span class='ocrx_word' id='word_1_27' title='bbox 507 667 592 729; x_wconf 76' lang='lat' dir='ltr'>ignem</span> <span class='ocrx_word' id='word_1_28' title='bbox 604 678 650 726; x_wconf 85' lang='lat' dir='ltr'>po·</span> <span class='ocrx_word' id='word_1_29' title='bbox 686 674 743 710; x_wconf 83' lang='lat' dir='ltr'>uum</span> <span class='ocrx_word' id='word_1_30' title='bbox 754 676 805 710; x_wconf 92' lang='lat' dir='ltr'>uon</span> <span class='ocrx_word' id='word_1_31' title='bbox 816 675 923 711; x_wconf 85' lang='lat' dir='ltr'>neeesse</span> <span class='ocrx_word' id='word_1_32' title='bbox 933 668 973 711; x_wconf 89' lang='lat' dir='ltr'>est</span> <span class='ocrx_word' id='word_1_33' title='bbox 983 661 1138 726; x_wconf 68' lang='lat' dir='ltr'>subjungere</span> <span class='ocrx_word' id='word_1_34' title='bbox 1148 663 1212 713; x_wconf 92' lang='lat' dir='ltr'>dnus</span> 
     </span>
     <span class='ocr_line' id='line_1_6' title="bbox 126 736 877 809; baseline -0.021 -10"><span class='ocrx_word' id='word_1_35' title='bbox 126 752 175 800; x_wconf 83' lang='lat' dir='ltr'>sits</span> <span class='ocrx_word' id='word_1_36' title='bbox 192 747 249 809; x_wconf 89' lang='lat' dir='ltr'>est‚&#39;</span> <span class='ocrx_word' id='word_1_37' title='bbox 266 747 291 795; x_wconf 90' lang='lat' dir='ltr'>in</span> <span class='ocrx_word' id='word_1_38' title='bbox 303 745 341 794; x_wconf 91' lang='lat' dir='ltr'>his</span> <span class='ocrx_word' id='word_1_39' title='bbox 352 744 506 794; x_wconf 76' lang='lat' dir='ltr'>secederem</span> <span class='ocrx_word' id='word_1_40' title='bbox 517 740 649 790; x_wconf 80' lang='lat' dir='ltr'>uersiculis</span> <span class='ocrx_word' id='word_1_41' title='bbox 686 750 784 787; x_wconf 83' lang='lat' dir='ltr'>sersus.</span> <span class='ocrx_word' id='word_1_42' title='bbox 801 736 877 785; x_wconf 85' lang='lat' dir='ltr'>Idem.</span> 
     </span>
    </p>

    <p class='ocr_par' dir='ltr' id='par_1_4' title="bbox 125 811 1213 965">
     <span class='ocr_line' id='line_1_7' title="bbox 125 811 1213 883; baseline -0.017 -8"><span class='ocrx_word' id='word_1_43' title='bbox 125 831 209 874; x_wconf 88' lang='lat' dir='ltr'>totum</span> <span class='ocrx_word' id='word_1_44' title='bbox 231 821 356 872; x_wconf 87' lang='lat' dir='ltr'>conficere</span> <span class='ocrx_word' id='word_1_45' title='bbox 384 819 518 883; x_wconf 86' lang='lat' dir='ltr'>potuisset.</span> <span class='ocrx_word' id='word_1_46' title='bbox 560 817 647 868; x_wconf 83' lang='lat' dir='ltr'>Quen·</span> <span class='ocrx_word' id='word_1_47' title='bbox 717 816 749 862; x_wconf 82' lang='grc'>94</span> <span class='ocrx_word' id='word_1_48' title='bbox 767 813 830 867; x_wconf 80' lang='lat' dir='ltr'>Qsiu</span> <span class='ocrx_word' id='word_1_49' title='bbox 851 818 902 862; x_wconf 76' lang='lat' dir='ltr'>tusis</span> <span class='ocrx_word' id='word_1_50' title='bbox 920 811 993 875; x_wconf 74' lang='lat' dir='ltr'>ruiti]</span> <span class='ocrx_word' id='word_1_51' title='bbox 1009 813 1148 863; x_wconf 74' lang='lat' dir='ltr'>Exeuutio</span> <span class='ocrx_word' id='word_1_52' title='bbox 1166 830 1213 864; x_wconf 67' lang='lat' dir='ltr'>ne.</span> 
     </span>
     <span class='ocr_line' id='line_1_8' title="bbox 125 887 897 965; baseline -0.017 -16"><span class='ocrx_word' id='word_1_53' title='bbox 125 914 203 965; x_wconf 86' lang='lat' dir='ltr'>quum</span> <span class='ocrx_word' id='word_1_54' title='bbox 221 899 269 948; x_wconf 87' lang='lat' dir='ltr'>hoc</span> <span class='ocrx_word' id='word_1_55' title='bbox 286 898 382 961; x_wconf 83' lang='lat' dir='ltr'>ipsum,</span> <span class='ocrx_word' id='word_1_56' title='bbox 399 891 541 955; x_wconf 57' lang='lat' dir='ltr'>‘mertun</span> <span class='ocrx_word' id='word_1_57' title='bbox 561 889 647 953; x_wconf 85' lang='lat' dir='ltr'>imus,’</span> <span class='ocrx_word' id='word_1_58' title='bbox 685 887 805 936; x_wconf 81' lang='lat' dir='ltr'>cessaris.</span> <span class='ocrx_word' id='word_1_59' title='bbox 821 888 897 936; x_wconf 84' lang='lat' dir='ltr'>ldess.</span> 
     </span>
    </p>

    <p class='ocr_par' dir='ltr' id='par_1_5' title="bbox 125 962 1212 1035">
     <span class='ocr_line' id='line_1_9' title="bbox 125 962 1212 1035; baseline -0.015 -9"><span class='ocrx_word' id='word_1_60' title='bbox 125 976 256 1026; x_wconf 89' lang='lat' dir='ltr'>concisum</span> <span class='ocrx_word' id='word_1_61' title='bbox 278 981 318 1023; x_wconf 89' lang='lat' dir='ltr'>est</span> <span class='ocrx_word' id='word_1_62' title='bbox 338 974 384 1035; x_wconf 85' lang='lat' dir='ltr'>itu,</span> <span class='ocrx_word' id='word_1_63' title='bbox 405 978 435 1021; x_wconf 89' lang='lat' dir='ltr'>nt</span> <span class='ocrx_word' id='word_1_64' title='bbox 453 984 506 1019; x_wconf 92' lang='lat' dir='ltr'>nou</span> <span class='ocrx_word' id='word_1_65' title='bbox 526 967 648 1017; x_wconf 73' lang='lat' dir='ltr'>brevitati</span> <span class='ocrx_word' id='word_1_66' title='bbox 716 962 1039 1026; x_wconf 76' lang='lat' dir='ltr'>Pretereeterus]1dest‚</span> <span class='ocrx_word' id='word_1_67' title='bbox 1058 964 1114 1027; x_wconf 88' lang='lat' dir='ltr'>plus</span> <span class='ocrx_word' id='word_1_68' title='bbox 1133 966 1212 1029; x_wconf 81' lang='lat' dir='ltr'>qirum</span> 
     </span>
    </p>
   </div>
   <div class='ocr_carea' id='block_1_4' title="bbox 123 1038 1212 1185">
    <p class='ocr_par' dir='ltr' id='par_1_6' title="bbox 123 1038 1212 1185">
     <span class='ocr_line' id='line_1_10' title="bbox 125 1038 880 1113; baseline -0.021 -12"><span class='ocrx_word' id='word_1_69' title='bbox 125 1050 247 1101; x_wconf 84' lang='lat' dir='ltr'>servitum</span> <span class='ocrx_word' id='word_1_70' title='bbox 260 1050 312 1113; x_wconf 76' lang='lat' dir='ltr'>-sit,</span> <span class='ocrx_word' id='word_1_71' title='bbox 334 1048 379 1098; x_wconf 90' lang='lat' dir='ltr'>sed</span> <span class='ocrx_word' id='word_1_72' title='bbox 400 1045 537 1096; x_wconf 74' lang='lat' dir='ltr'>venustati.</span> <span class='ocrx_word' id='word_1_73' title='bbox 570 1042 647 1097; x_wconf 80' lang='lat' dir='ltr'>Quod</span> <span class='ocrx_word' id='word_1_74' title='bbox 684 1044 789 1089; x_wconf 83' lang='lat' dir='ltr'>osterse.</span> <span class='ocrx_word' id='word_1_75' title='bbox 806 1038 880 1087; x_wconf 74' lang='lat' dir='ltr'>Idem.</span> 
     </span>
     <span class='ocr_line' id='line_1_11' title="bbox 123 1114 1212 1185; baseline -0.01 -9"><span class='ocrx_word' id='word_1_76' title='bbox 123 1121 390 1185; x_wconf 85' lang='lat' dir='ltr'>siuilrill&#39;uisset‚nisi</span> <span class='ocrx_word' id='word_1_77' title='bbox 405 1120 550 1184; x_wconf 71' lang='lat' dir='ltr'>‘inignem</span> <span class='ocrx_word' id='word_1_78' title='bbox 562 1119 648 1182; x_wconf 85' lang='lat' dir='ltr'>positu</span> <span class='ocrx_word' id='word_1_79' title='bbox 716 1119 749 1163; x_wconf 77' lang='lat' dir='ltr'>ild</span> <span class='ocrx_word' id='word_1_80' title='bbox 766 1114 910 1164; x_wconf 73' lang='lat' dir='ltr'>Honestum</span> <span class='ocrx_word' id='word_1_81' title='bbox 923 1114 1026 1176; x_wconf 73' lang='lat' dir='ltr'>liberati]</span> <span class='ocrx_word' id='word_1_82' title='bbox 1043 1115 1161 1178; x_wconf 78' lang='lat' dir='ltr'>Honesta,</span> <span class='ocrx_word' id='word_1_83' title='bbox 1177 1116 1212 1165; x_wconf 83' lang='lat' dir='ltr'>sd</span> 
     </span>
    </p>
   </div>
   <div class='ocr_carea' id='block_1_5' title="bbox 39 1188 1211 1263">
    <p class='ocr_par' dir='ltr' id='par_1_7' title="bbox 39 1188 1211 1263">
     <span class='ocr_line' id='line_1_12' title="bbox 39 1188 1211 1263; baseline -0.003 -16"><span class='ocrx_word' id='word_1_84' title='bbox 39 1227 43 1236; x_wconf 90' lang='lat'>·</span> <span class='ocrx_word' id='word_1_85' title='bbox 123 1202 181 1263; x_wconf 67' lang='lat' dir='ltr'>est:</span> <span class='ocrx_word' id='word_1_86' title='bbox 197 1209 284 1251; x_wconf 86' lang='lat' dir='ltr'>tumen</span> <span class='ocrx_word' id='word_1_87' title='bbox 303 1213 344 1249; x_wconf 88' lang='lat' dir='ltr'>res</span> <span class='ocrx_word' id='word_1_88' title='bbox 362 1204 419 1248; x_wconf 84' lang='lat' dir='ltr'>tots</span> <span class='ocrx_word' id='word_1_89' title='bbox 435 1194 554 1260; x_wconf 71' lang='lat' dir='ltr'>cognosci</span> <span class='ocrx_word' id='word_1_90' title='bbox 569 1192 646 1243; x_wconf 79' lang='lat' dir='ltr'>iscsse</span> <span class='ocrx_word' id='word_1_91' title='bbox 684 1188 918 1254; x_wconf 67' lang='lat' dir='ltr'>tumimidum,</span> <span class='ocrx_word' id='word_1_92' title='bbox 936 1191 969 1239; x_wconf 88' lang='lat' dir='ltr'>ud</span> <span class='ocrx_word' id='word_1_93' title='bbox 990 1193 1090 1242; x_wconf 81' lang='lat' dir='ltr'>vultum</span> <span class='ocrx_word' id='word_1_94' title='bbox 1110 1194 1211 1245; x_wconf 87' lang='lat' dir='ltr'>retulit.</span> 
     </span>
    </p>
   </div>
   <div class='ocr_carea' id='block_1_6' title="bbox 124 1266 760 1342">
    <p class='ocr_par' dir='ltr' id='par_1_8' title="bbox 124 1266 760 1342">
     <span class='ocr_line' id='line_1_13' title="bbox 124 1266 760 1342; baseline -0.013 -17"><span class='ocrx_word' id='word_1_95' title='bbox 124 1275 276 1342; x_wconf 61' lang='lat' dir='ltr'>potuisset?</span> <span class='ocrx_word' id='word_1_96' title='bbox 293 1274 337 1323; x_wconf 86' lang='lat' dir='ltr'>lib.</span> <span class='ocrx_word' id='word_1_97' title='bbox 348 1272 381 1322; x_wconf 87' lang='lat' dir='ltr'>ds</span> <span class='ocrx_word' id='word_1_98' title='bbox 392 1272 514 1322; x_wconf 79' lang='lat' dir='ltr'>Oratore.</span> <span class='ocrx_word' id='word_1_99' title='bbox 531 1270 634 1320; x_wconf 72' lang='lat' dir='ltr'>Fucini.</span> <span class='ocrx_word' id='word_1_100' title='bbox 685 1266 760 1317; x_wconf 81' lang='lat' dir='ltr'>ldem.</span> 
     </span>
    </p>
   </div>
   <div class='ocr_carea' id='block_1_7' title="bbox 44 1340 1211 1414">
    <p class='ocr_par' dir='ltr' id='par_1_9' title="bbox 44 1340 1211 1414">
     <span class='ocr_line' id='line_1_14' title="bbox 44 1340 1211 1414; baseline -0.009 -10"><span class='ocrx_word' id='word_1_101' title='bbox 44 1350 49 1359; x_wconf 90' lang='lat'>&#39;</span> <span class='ocrx_word' id='word_1_102' title='bbox 154 1358 185 1403; x_wconf 79' lang='lat' dir='ltr'>til</span> <span class='ocrx_word' id='word_1_103' title='bbox 201 1355 278 1404; x_wconf 79' lang='lat' dir='ltr'>Usum</span> <span class='ocrx_word' id='word_1_104' title='bbox 288 1349 389 1414; x_wconf 78' lang='lat' dir='ltr'>ospicio]</span> <span class='ocrx_word' id='word_1_105' title='bbox 407 1350 447 1398; x_wconf 83' lang='lat' dir='ltr'>Ex</span> <span class='ocrx_word' id='word_1_106' title='bbox 459 1345 646 1397; x_wconf 87' lang='lat' dir='ltr'>consuetudine</span> <span class='ocrx_word' id='word_1_107' title='bbox 716 1346 748 1392; x_wconf 82' lang='grc'>98</span> <span class='ocrx_word' id='word_1_108' title='bbox 758 1340 891 1403; x_wconf 76' lang='lat' dir='ltr'>Percussis]</span> <span class='ocrx_word' id='word_1_109' title='bbox 908 1340 967 1391; x_wconf 87' lang='lat' dir='ltr'>Hoc</span> <span class='ocrx_word' id='word_1_110' title='bbox 977 1347 1028 1406; x_wconf 87' lang='lat' dir='ltr'>et,</span> <span class='ocrx_word' id='word_1_111' title='bbox 1035 1343 1160 1407; x_wconf 87' lang='lat' dir='ltr'>suspicio,</span> <span class='ocrx_word' id='word_1_112' title='bbox 1168 1346 1211 1394; x_wconf 85' lang='lat' dir='ltr'>rel</span> 
     </span>
    </p>
   </div>
   <div class='ocr_carea' id='block_1_8' title="bbox 73 1415 1225 3837">
    <p class='ocr_par' dir='ltr' id='par_1_10' title="bbox 73 1415 1212 2090">
     <span class='ocr_line' id='line_1_15' title="bbox 123 1415 947 1491; baseline -0.011 -13"><span class='ocrx_word' id='word_1_113' title='bbox 123 1427 197 1491; x_wconf 86' lang='lat' dir='ltr'>dicit,</span> <span class='ocrx_word' id='word_1_114' title='bbox 218 1443 298 1488; x_wconf 78' lang='lat' dir='ltr'>mom,</span> <span class='ocrx_word' id='word_1_115' title='bbox 318 1432 347 1476; x_wconf 90' lang='lat' dir='ltr'>ut</span> <span class='ocrx_word' id='word_1_116' title='bbox 367 1424 483 1480; x_wconf 74' lang='lat' dir='ltr'>dicImus,</span> <span class='ocrx_word' id='word_1_117' title='bbox 500 1420 591 1470; x_wconf 87' lang='lat' dir='ltr'>‘Unus</span> <span class='ocrx_word' id='word_1_118' title='bbox 604 1426 648 1470; x_wconf 88' lang='lat' dir='ltr'>est</span> <span class='ocrx_word' id='word_1_119' title='bbox 683 1415 780 1480; x_wconf 68' lang='lat' dir='ltr'>aliquid</span> <span class='ocrx_word' id='word_1_120' title='bbox 792 1416 854 1466; x_wconf 75' lang='lat' dir='ltr'>tole·</span> <span class='ocrx_word' id='word_1_121' title='bbox 872 1417 947 1465; x_wconf 65' lang='grc' dir='ltr'>Μαι.</span> 
     </span>
     <span class='ocr_line' id='line_1_16' title="bbox 123 1491 1210 1557; baseline -0.006 -5"><span class='ocrx_word' id='word_1_122' title='bbox 123 1502 272 1552; x_wconf 68' lang='lat' dir='ltr'>adolescens</span> <span class='ocrx_word' id='word_1_123' title='bbox 280 1501 298 1551; x_wconf 85' lang='lat'>:’</span> <span class='ocrx_word' id='word_1_124' title='bbox 314 1501 377 1550; x_wconf 89' lang='lat' dir='ltr'>tolle</span> <span class='ocrx_word' id='word_1_125' title='bbox 385 1514 465 1557; x_wconf 75' lang='lat' dir='ltr'>esum,</span> <span class='ocrx_word' id='word_1_126' title='bbox 475 1505 504 1548; x_wconf 85' lang='lat' dir='ltr'>st</span> <span class='ocrx_word' id='word_1_127' title='bbox 513 1498 550 1547; x_wconf 82' lang='lat' dir='ltr'>its</span> <span class='ocrx_word' id='word_1_128' title='bbox 560 1495 607 1546; x_wconf 84' lang='lat' dir='ltr'>siet</span> <span class='ocrx_word' id='word_1_129' title='bbox 617 1503 646 1544; x_wconf 93' lang='lat' dir='ltr'>ut</span> <span class='ocrx_word' id='word_1_130' title='bbox 716 1491 750 1540; x_wconf 79' lang='lat' dir='ltr'>At</span> <span class='ocrx_word' id='word_1_131' title='bbox 757 1491 795 1554; x_wconf 86' lang='lat' dir='ltr'>ot]</span> <span class='ocrx_word' id='word_1_132' title='bbox 805 1492 960 1555; x_wconf 84' lang='lat' dir='ltr'>interjectio</span> <span class='ocrx_word' id='word_1_133' title='bbox 968 1492 1127 1545; x_wconf 83' lang='lat' dir='ltr'>udmirsutis.</span> <span class='ocrx_word' id='word_1_134' title='bbox 1134 1496 1210 1546; x_wconf 80' lang='lat' dir='ltr'>Idesss.</span> 
     </span>
     <span class='ocr_line' id='line_1_17' title="bbox 122 1568 1211 1633; baseline 0 -6"><span class='ocrx_word' id='word_1_135' title='bbox 122 1579 207 1627; x_wconf 88' lang='lat' dir='ltr'>sensui</span> <span class='ocrx_word' id='word_1_136' title='bbox 230 1578 292 1626; x_wconf 87' lang='lat' dir='ltr'>nihil</span> <span class='ocrx_word' id='word_1_137' title='bbox 314 1577 396 1626; x_wconf 88' lang='lat' dir='ltr'>desit:</span> <span class='ocrx_word' id='word_1_138' title='bbox 420 1576 465 1626; x_wconf 89' lang='lat' dir='ltr'>sed</span> <span class='ocrx_word' id='word_1_139' title='bbox 487 1571 647 1625; x_wconf 87' lang='lat' dir='ltr'>consuetudo</span> <span class='ocrx_word' id='word_1_140' title='bbox 715 1569 788 1632; x_wconf 76' lang='lat' dir='ltr'>Aeas]</span> <span class='ocrx_word' id='word_1_141' title='bbox 811 1568 853 1618; x_wconf 78' lang='lat' dir='ltr'>Iis</span> <span class='ocrx_word' id='word_1_142' title='bbox 872 1569 950 1619; x_wconf 78' lang='lat' dir='ltr'>scribi</span> <span class='ocrx_word' id='word_1_143' title='bbox 966 1569 1054 1626; x_wconf 69' lang='lat' dir='ltr'>debet.</span> <span class='ocrx_word' id='word_1_144' title='bbox 1071 1576 1098 1620; x_wconf 73' lang='lat' dir='ltr'>sl</span> <span class='ocrx_word' id='word_1_145' title='bbox 1115 1576 1152 1633; x_wconf 71' lang='lat' dir='ltr'>sl,</span> <span class='ocrx_word' id='word_1_146' title='bbox 1172 1572 1211 1621; x_wconf 76' lang='lat' dir='ltr'>sic</span> 
     </span>
     <span class='ocr_line' id='line_1_18' title="bbox 122 1645 1212 1714; baseline -0.005 -11"><span class='ocrx_word' id='word_1_147' title='bbox 122 1655 237 1703; x_wconf 77' lang='lat' dir='ltr'>mirensis</span> <span class='ocrx_word' id='word_1_148' title='bbox 254 1667 304 1702; x_wconf 92' lang='lat' dir='ltr'>nou</span> <span class='ocrx_word' id='word_1_149' title='bbox 328 1652 380 1701; x_wconf 88' lang='lat' dir='ltr'>erit</span> <span class='ocrx_word' id='word_1_150' title='bbox 400 1665 533 1714; x_wconf 79' lang='lat' dir='ltr'>expresse.</span> <span class='ocrx_word' id='word_1_151' title='bbox 569 1650 647 1699; x_wconf 79' lang='lat' dir='ltr'>Usum</span> <span class='ocrx_word' id='word_1_152' title='bbox 683 1645 928 1710; x_wconf 72' lang='lat' dir='ltr'>eutucmc13qui</span> <span class='ocrx_word' id='word_1_153' title='bbox 948 1660 995 1709; x_wconf 83' lang='lat' dir='ltr'>per</span> <span class='ocrx_word' id='word_1_154' title='bbox 1011 1646 1212 1711; x_wconf 80' lang='lat' dir='ltr'>duplex&#39;l&#39;scri·</span> 
     </span>
     <span class='ocr_line' id='line_1_19' title="bbox 73 1721 1212 1790; baseline -0.004 -13"><span class='ocrx_word' id='word_1_155' title='bbox 73 1764 76 1769; x_wconf 85' lang='lat'>-</span> <span class='ocrx_word' id='word_1_156' title='bbox 121 1743 184 1790; x_wconf 79' lang='lat' dir='ltr'>ergo</span> <span class='ocrx_word' id='word_1_157' title='bbox 204 1730 240 1788; x_wconf 67' lang='lat' dir='ltr'>ssi</span> <span class='ocrx_word' id='word_1_158' title='bbox 259 1721 382 1787; x_wconf 60' lang='grc' dir='ltr'>ῖδωτισρᾣ</span> <span class='ocrx_word' id='word_1_159' title='bbox 403 1725 486 1774; x_wconf 76' lang='lat' dir='ltr'>dixit:</span> <span class='ocrx_word' id='word_1_160' title='bbox 508 1724 548 1774; x_wconf 83' lang='lat' dir='ltr'>sel</span> <span class='ocrx_word' id='word_1_161' title='bbox 565 1737 647 1787; x_wconf 79' lang='lat' dir='ltr'>ussuss,</span> <span class='ocrx_word' id='word_1_162' title='bbox 683 1721 748 1772; x_wconf 87' lang='lat' dir='ltr'>hunt</span> <span class='ocrx_word' id='word_1_163' title='bbox 763 1730 859 1774; x_wconf 79' lang='lat' dir='ltr'>temen.</span> <span class='ocrx_word' id='word_1_164' title='bbox 892 1723 955 1780; x_wconf 83' lang='lat' dir='ltr'>Sed,</span> <span class='ocrx_word' id='word_1_165' title='bbox 973 1730 1019 1772; x_wconf 89' lang='lat' dir='ltr'>uut</span> <span class='ocrx_word' id='word_1_166' title='bbox 1038 1724 1112 1773; x_wconf 82' lang='lat' dir='ltr'>vulde</span> <span class='ocrx_word' id='word_1_167' title='bbox 1128 1724 1212 1789; x_wconf 79' lang='lat' dir='ltr'>fullos,</span> 
     </span>
     <span class='ocr_line' id='line_1_20' title="bbox 123 1800 1211 1867; baseline 0.002 -17"><span class='ocrx_word' id='word_1_168' title='bbox 123 1817 171 1866; x_wconf 87' lang='lat' dir='ltr'>pro</span> <span class='ocrx_word' id='word_1_169' title='bbox 181 1802 298 1867; x_wconf 83' lang='lat' dir='ltr'>quedam.</span> <span class='ocrx_word' id='word_1_170' title='bbox 314 1802 430 1851; x_wconf 78' lang='lat' dir='ltr'>Donatus.</span> <span class='ocrx_word' id='word_1_171' title='bbox 683 1804 729 1848; x_wconf 87' lang='lat' dir='ltr'>unt</span> <span class='ocrx_word' id='word_1_172' title='bbox 739 1800 787 1847; x_wconf 90' lang='lat' dir='ltr'>hoc</span> <span class='ocrx_word' id='word_1_173' title='bbox 798 1800 865 1860; x_wconf 84' lang='lat' dir='ltr'>loco,</span> <span class='ocrx_word' id='word_1_174' title='bbox 876 1806 985 1863; x_wconf 80' lang='lat' dir='ltr'>propter</span> <span class='ocrx_word' id='word_1_175' title='bbox 995 1806 1115 1862; x_wconf 80' lang='lat' dir='ltr'>metrum,</span> <span class='ocrx_word' id='word_1_176' title='bbox 1133 1801 1211 1852; x_wconf 85' lang='lat' dir='ltr'>scribi</span> 
     </span>
     <span class='ocr_line' id='line_1_21' title="bbox 153 1872 1210 1940; baseline 0.001 -14"><span class='ocrx_word' id='word_1_177' title='bbox 153 1882 186 1926; x_wconf 68' lang='lat' dir='ltr'>tis</span> <span class='ocrx_word' id='word_1_178' title='bbox 197 1877 283 1926; x_wconf 84' lang='lat' dir='ltr'>Forsso</span> <span class='ocrx_word' id='word_1_179' title='bbox 293 1882 317 1926; x_wconf 88' lang='lat' dir='ltr'>et</span> <span class='ocrx_word' id='word_1_180' title='bbox 327 1875 404 1938; x_wconf 83' lang='lat' dir='ltr'>cultu]</span> <span class='ocrx_word' id='word_1_181' title='bbox 416 1876 452 1924; x_wconf 88' lang='lat' dir='ltr'>Et</span> <span class='ocrx_word' id='word_1_182' title='bbox 461 1873 504 1924; x_wconf 88' lang='lat' dir='ltr'>hio</span> <span class='ocrx_word' id='word_1_183' title='bbox 514 1872 566 1924; x_wconf 90' lang='lat' dir='ltr'>duo</span> <span class='ocrx_word' id='word_1_184' title='bbox 576 1879 646 1936; x_wconf 88' lang='lat' dir='ltr'>snut,</span> <span class='ocrx_word' id='word_1_185' title='bbox 682 1879 796 1938; x_wconf 81' lang='lat' dir='ltr'>oportet,</span> <span class='ocrx_word' id='word_1_186' title='bbox 812 1879 838 1923; x_wconf 85' lang='lat' dir='ltr'>ot</span> <span class='ocrx_word' id='word_1_187' title='bbox 854 1880 882 1923; x_wconf 79' lang='lat' dir='ltr'>et</span> <span class='ocrx_word' id='word_1_188' title='bbox 899 1879 941 1932; x_wconf 85' lang='lat' dir='ltr'>ct,·</span> <span class='ocrx_word' id='word_1_189' title='bbox 958 1881 986 1924; x_wconf 87' lang='lat' dir='ltr'>ut</span> <span class='ocrx_word' id='word_1_190' title='bbox 998 1876 1061 1925; x_wconf 88' lang='lat' dir='ltr'>nlihi</span> <span class='ocrx_word' id='word_1_191' title='bbox 1072 1877 1141 1940; x_wconf 76' lang='lat' dir='ltr'>opud</span> <span class='ocrx_word' id='word_1_192' title='bbox 1154 1892 1210 1927; x_wconf 87' lang='lat' dir='ltr'>uos·</span> 
     </span>
     <span class='ocr_line' id='line_1_22' title="bbox 121 1948 1211 2018; baseline 0.004 -18"><span class='ocrx_word' id='word_1_193' title='bbox 121 1959 149 2002; x_wconf 88' lang='lat' dir='ltr'>et</span> <span class='ocrx_word' id='word_1_194' title='bbox 165 1960 228 2002; x_wconf 85' lang='lat' dir='ltr'>setus</span> <span class='ocrx_word' id='word_1_195' title='bbox 238 1959 267 2001; x_wconf 89' lang='lat' dir='ltr'>et</span> <span class='ocrx_word' id='word_1_196' title='bbox 278 1949 371 2013; x_wconf 85' lang='lat' dir='ltr'>forme,</span> <span class='ocrx_word' id='word_1_197' title='bbox 381 1950 472 2014; x_wconf 87' lang='lat' dir='ltr'>qulbus</span> <span class='ocrx_word' id='word_1_198' title='bbox 483 1948 588 2000; x_wconf 85' lang='lat' dir='ltr'>udditur</span> <span class='ocrx_word' id='word_1_199' title='bbox 599 1965 645 2014; x_wconf 88' lang='lat' dir='ltr'>pn·</span> <span class='ocrx_word' id='word_1_200' title='bbox 682 1955 750 1999; x_wconf 92' lang='lat' dir='ltr'>trum</span> <span class='ocrx_word' id='word_1_201' title='bbox 761 1949 839 2013; x_wconf 86' lang='lat' dir='ltr'>hunc,</span> <span class='ocrx_word' id='word_1_202' title='bbox 850 1956 878 2000; x_wconf 93' lang='lat' dir='ltr'>et</span> <span class='ocrx_word' id='word_1_203' title='bbox 889 1952 958 2014; x_wconf 82' lang='lat' dir='ltr'>spnd</span> <span class='ocrx_word' id='word_1_204' title='bbox 969 1952 1091 2002; x_wconf 81' lang='lat' dir='ltr'>Plautum</span> <span class='ocrx_word' id='word_1_205' title='bbox 1103 1955 1211 2018; x_wconf 73' lang='lat' dir='ltr'>sepios.</span> 
     </span>
     <span class='ocr_line' id='line_1_23' title="bbox 122 2026 769 2090; baseline -0.002 -14"><span class='ocrx_word' id='word_1_206' title='bbox 122 2027 184 2076; x_wconf 83' lang='lat' dir='ltr'>dor:</span> <span class='ocrx_word' id='word_1_207' title='bbox 202 2027 261 2090; x_wconf 87' lang='lat' dir='ltr'>quin</span> <span class='ocrx_word' id='word_1_208' title='bbox 271 2027 395 2075; x_wconf 85' lang='lat' dir='ltr'>meretrix</span> <span class='ocrx_word' id='word_1_209' title='bbox 405 2039 456 2074; x_wconf 89' lang='lat' dir='ltr'>non</span> <span class='ocrx_word' id='word_1_210' title='bbox 467 2033 516 2076; x_wconf 86' lang='lat' dir='ltr'>ost.</span> <span class='ocrx_word' id='word_1_211' title='bbox 533 2026 608 2077; x_wconf 82' lang='lat' dir='ltr'>Idem.</span> <span class='ocrx_word' id='word_1_212' title='bbox 683 2027 769 2077; x_wconf 77' lang='lat' dir='ltr'>Faber.</span> 
     </span>
    </p>

    <p class='ocr_par' dir='ltr' id='par_1_11' title="bbox 120 2101 1211 2324">
     <span class='ocr_line' id='line_1_24' title="bbox 154 2101 1211 2167; baseline 0.003 -15"><span class='ocrx_word' id='word_1_213' title='bbox 154 2103 242 2152; x_wconf 85' lang='lat' dir='ltr'>Forssss</span> <span class='ocrx_word' id='word_1_214' title='bbox 260 2107 284 2151; x_wconf 85' lang='lat' dir='ltr'>et</span> <span class='ocrx_word' id='word_1_215' title='bbox 303 2101 380 2164; x_wconf 81' lang='lat' dir='ltr'>uultu]</span> <span class='ocrx_word' id='word_1_216' title='bbox 400 2102 491 2150; x_wconf 81' lang='lat' dir='ltr'>Formo</span> <span class='ocrx_word' id='word_1_217' title='bbox 509 2101 645 2151; x_wconf 85' lang='lat' dir='ltr'>immobilis</span> <span class='ocrx_word' id='word_1_218' title='bbox 714 2101 794 2152; x_wconf 73' lang='lat' dir='ltr'>Asos!</span> <span class='ocrx_word' id='word_1_219' title='bbox 810 2103 853 2153; x_wconf 82' lang='lat' dir='ltr'>lios</span> <span class='ocrx_word' id='word_1_220' title='bbox 869 2102 930 2152; x_wconf 79' lang='lat' dir='ltr'>illud</span> <span class='ocrx_word' id='word_1_221' title='bbox 949 2103 996 2167; x_wconf 88' lang='lat' dir='ltr'>est]</span> <span class='ocrx_word' id='word_1_222' title='bbox 1012 2103 1138 2154; x_wconf 74' lang='lat' dir='ltr'>Haecrox</span> <span class='ocrx_word' id='word_1_223' title='bbox 1149 2111 1211 2166; x_wconf 78' lang='lat' dir='ltr'>stet,</span> 
     </span>
     <span class='ocr_line' id='line_1_25' title="bbox 121 2178 1211 2249; baseline 0.006 -21"><span class='ocrx_word' id='word_1_224' title='bbox 121 2185 163 2229; x_wconf 86' lang='lat' dir='ltr'>est</span> <span class='ocrx_word' id='word_1_225' title='bbox 179 2185 206 2229; x_wconf 93' lang='lat' dir='ltr'>et</span> <span class='ocrx_word' id='word_1_226' title='bbox 221 2178 361 2228; x_wconf 71' lang='lat' dir='ltr'><strong>naturalius</strong></span> <span class='ocrx_word' id='word_1_227' title='bbox 379 2178 464 2226; x_wconf 85' lang='lat' dir='ltr'>vultus</span> <span class='ocrx_word' id='word_1_228' title='bbox 480 2183 599 2226; x_wconf 78' lang='lat' dir='ltr'>moretur</span> <span class='ocrx_word' id='word_1_229' title='bbox 617 2185 645 2228; x_wconf 93' lang='lat' dir='ltr'>et</span> <span class='ocrx_word' id='word_1_230' title='bbox 683 2179 768 2243; x_wconf 86' lang='lat' dir='ltr'>priore</span> <span class='ocrx_word' id='word_1_231' title='bbox 776 2180 910 2244; x_wconf 77' lang='lat' dir='ltr'>syllabast</span> <span class='ocrx_word' id='word_1_232' title='bbox 918 2181 1081 2245; x_wconf 78' lang='lat' dir='ltr'>productust</span> <span class='ocrx_word' id='word_1_233' title='bbox 1088 2194 1211 2249; x_wconf 81' lang='lat' dir='ltr'>correpto</span> 
     </span>
     <span class='ocr_line' id='line_1_26' title="bbox 120 2255 1209 2324; baseline 0.004 -18"><span class='ocrx_word' id='word_1_234' title='bbox 120 2257 234 2320; x_wconf 70' lang='lat' dir='ltr'>lingitur.</span> <span class='ocrx_word' id='word_1_235' title='bbox 250 2257 326 2306; x_wconf 82' lang='lat' dir='ltr'>Idem.</span> <span class='ocrx_word' id='word_1_236' title='bbox 681 2255 831 2306; x_wconf 82' lang='lat' dir='ltr'>invenitur:</span> <span class='ocrx_word' id='word_1_237' title='bbox 847 2257 915 2321; x_wconf 90' lang='lat' dir='ltr'>quod</span> <span class='ocrx_word' id='word_1_238' title='bbox 933 2272 967 2306; x_wconf 82' lang='lat' dir='ltr'>ex</span> <span class='ocrx_word' id='word_1_239' title='bbox 984 2271 1016 2308; x_wconf 89' lang='lat' dir='ltr'>eo</span> <span class='ocrx_word' id='word_1_240' title='bbox 1034 2258 1131 2309; x_wconf 79' lang='lat' dir='ltr'>fuctum</span> <span class='ocrx_word' id='word_1_241' title='bbox 1142 2275 1209 2324; x_wconf 86' lang='lat' dir='ltr'>reor,</span> 
     </span>
    </p>

    <p class='ocr_par' dir='ltr' id='par_1_12' title="bbox 119 2329 1211 2702">
     <span class='ocr_line' id='line_1_27' title="bbox 153 2329 1210 2400; baseline 0.006 -19"><span class='ocrx_word' id='word_1_242' title='bbox 153 2334 188 2382; x_wconf 82' lang='lat' dir='ltr'>Et</span> <span class='ocrx_word' id='word_1_243' title='bbox 197 2334 272 2395; x_wconf 76' lang='lat' dir='ltr'>suits,</span> <span class='ocrx_word' id='word_1_244' title='bbox 282 2331 362 2395; x_wconf 77' lang='lat' dir='ltr'>Sosio,</span> <span class='ocrx_word' id='word_1_245' title='bbox 377 2332 433 2381; x_wconf 80' lang='lat' dir='ltr'>odeo</span> <span class='ocrx_word' id='word_1_246' title='bbox 445 2329 560 2394; x_wconf 76' lang='lat' dir='ltr'>modesto]</span> <span class='ocrx_word' id='word_1_247' title='bbox 576 2330 646 2382; x_wconf 77' lang='lat' dir='ltr'>Quis</span> <span class='ocrx_word' id='word_1_248' title='bbox 681 2331 741 2395; x_wconf 80' lang='lat' dir='ltr'>quis</span> <span class='ocrx_word' id='word_1_249' title='bbox 753 2346 811 2381; x_wconf 87' lang='lat' dir='ltr'>cum</span> <span class='ocrx_word' id='word_1_250' title='bbox 822 2333 919 2397; x_wconf 82' lang='lat' dir='ltr'>untiqui</span> <span class='ocrx_word' id='word_1_251' title='bbox 935 2335 1001 2384; x_wconf 85' lang='lat' dir='ltr'>huno</span> <span class='ocrx_word' id='word_1_252' title='bbox 1012 2336 1151 2386; x_wconf 87' lang='lat' dir='ltr'>dictionem</span> <span class='ocrx_word' id='word_1_253' title='bbox 1162 2350 1210 2400; x_wconf 88' lang='lat' dir='ltr'>per</span> 
     </span>
     <span class='ocr_line' id='line_1_28' title="bbox 119 2405 1210 2476; baseline 0.005 -20"><span class='ocrx_word' id='word_1_254' title='bbox 119 2406 209 2459; x_wconf 73' lang='lat' dir='ltr'>fornum</span> <span class='ocrx_word' id='word_1_255' title='bbox 219 2410 334 2460; x_wconf 83' lang='lat' dir='ltr'>leudesio</span> <span class='ocrx_word' id='word_1_256' title='bbox 351 2422 409 2460; x_wconf 86' lang='lat' dir='ltr'>cnm</span> <span class='ocrx_word' id='word_1_257' title='bbox 427 2408 565 2458; x_wconf 81' lang='lat' dir='ltr'>meretrice</span> <span class='ocrx_word' id='word_1_258' title='bbox 576 2423 645 2457; x_wconf 86' lang='lat' dir='ltr'>com·</span> <span class='ocrx_word' id='word_1_259' title='bbox 682 2405 734 2455; x_wconf 94' lang='lat' dir='ltr'>dno</span> <span class='ocrx_word' id='word_1_260' title='bbox 745 2414 765 2469; x_wconf 87' lang='lat' dir='ltr'>t,</span> <span class='ocrx_word' id='word_1_261' title='bbox 775 2407 802 2457; x_wconf 92' lang='lat' dir='ltr'>in</span> <span class='ocrx_word' id='word_1_262' title='bbox 810 2407 896 2459; x_wconf 88' lang='lat' dir='ltr'>medio</span> <span class='ocrx_word' id='word_1_263' title='bbox 908 2409 1059 2470; x_wconf 84' lang='lat' dir='ltr'>scriberent,</span> <span class='ocrx_word' id='word_1_264' title='bbox 1071 2425 1101 2460; x_wconf 86' lang='lat' dir='ltr'>en</span> <span class='ocrx_word' id='word_1_265' title='bbox 1113 2413 1210 2476; x_wconf 76' lang='lat' dir='ltr'>sylluhs</span> 
     </span>
     <span class='ocr_line' id='line_1_29' title="bbox 120 2482 1211 2548; baseline 0.005 -15"><span class='ocrx_word' id='word_1_266' title='bbox 120 2484 197 2533; x_wconf 86' lang='lat' dir='ltr'>missu</span> <span class='ocrx_word' id='word_1_267' title='bbox 212 2492 261 2547; x_wconf 88' lang='lat' dir='ltr'>est,</span> <span class='ocrx_word' id='word_1_268' title='bbox 277 2483 442 2548; x_wconf 74' lang='lat' dir='ltr'>progreditur</span> <span class='ocrx_word' id='word_1_269' title='bbox 453 2483 548 2532; x_wconf 83' lang='lat' dir='ltr'>urtifex</span> <span class='ocrx_word' id='word_1_270' title='bbox 561 2483 645 2533; x_wconf 71' lang='lat' dir='ltr'>Poite</span> <span class='ocrx_word' id='word_1_271' title='bbox 682 2482 810 2545; x_wconf 79' lang='lat' dir='ltr'>positione</span> <span class='ocrx_word' id='word_1_272' title='bbox 821 2483 898 2546; x_wconf 78' lang='lat' dir='ltr'>louge</span> <span class='ocrx_word' id='word_1_273' title='bbox 913 2491 986 2533; x_wconf 83' lang='lat' dir='ltr'>erut:</span> <span class='ocrx_word' id='word_1_274' title='bbox 1004 2486 1138 2539; x_wconf 84' lang='lat' dir='ltr'>subtracto</span> <span class='ocrx_word' id='word_1_275' title='bbox 1146 2501 1211 2538; x_wconf 82' lang='lat' dir='ltr'>veto</span> 
     </span>
     <span class='ocr_line' id='line_1_30' title="bbox 120 2555 1210 2624; baseline 0.003 -15"><span class='ocrx_word' id='word_1_276' title='bbox 120 2560 153 2609; x_wconf 80' lang='lat' dir='ltr'>sd</span> <span class='ocrx_word' id='word_1_277' title='bbox 164 2559 408 2622; x_wconf 62' lang='lat' dir='ltr'>laudandumque</span> <span class='ocrx_word' id='word_1_278' title='bbox 419 2557 566 2607; x_wconf 80' lang='lat' dir='ltr'>honestiore</span> <span class='ocrx_word' id='word_1_279' title='bbox 576 2562 645 2620; x_wconf 81' lang='lat' dir='ltr'>sunt,</span> <span class='ocrx_word' id='word_1_280' title='bbox 681 2557 765 2605; x_wconf 83' lang='lat' dir='ltr'>uitem</span> <span class='ocrx_word' id='word_1_281' title='bbox 781 2564 802 2618; x_wconf 92' lang='lat' dir='ltr'>t,</span> <span class='ocrx_word' id='word_1_282' title='bbox 819 2572 866 2620; x_wconf 87' lang='lat' dir='ltr'>per</span> <span class='ocrx_word' id='word_1_283' title='bbox 885 2560 1046 2624; x_wconf 79' lang='lat' dir='ltr'>purellipsin,</span> <span class='ocrx_word' id='word_1_284' title='bbox 1062 2555 1152 2614; x_wconf 81' lang='lat' dir='ltr'>hres&#39;is</span> <span class='ocrx_word' id='word_1_285' title='bbox 1164 2562 1210 2612; x_wconf 84' lang='lat' dir='ltr'>fie-</span> 
     </span>
     <span class='ocr_line' id='line_1_31' title="bbox 120 2630 1211 2702; baseline 0.005 -19"><span class='ocrx_word' id='word_1_286' title='bbox 120 2633 300 2700; x_wconf 85' lang='lat' dir='ltr'>qnsmt&#39;ormu.</span> <span class='ocrx_word' id='word_1_287' title='bbox 317 2633 392 2682; x_wconf 85' lang='lat' dir='ltr'>ldesr.</span> <span class='ocrx_word' id='word_1_288' title='bbox 682 2630 738 2682; x_wconf 81' lang='lat' dir='ltr'>het·</span> <span class='ocrx_word' id='word_1_289' title='bbox 763 2632 951 2684; x_wconf 51' lang='lat' dir='ltr'>&#39;Sedhoclocu</span> <span class='ocrx_word' id='word_1_290' title='bbox 970 2643 1067 2700; x_wconf 83' lang='lat' dir='ltr'>quantu</span> <span class='ocrx_word' id='word_1_291' title='bbox 1087 2639 1120 2688; x_wconf 87' lang='lat' dir='ltr'>sit</span> <span class='ocrx_word' id='word_1_292' title='bbox 1137 2638 1211 2702; x_wconf 88' lang='lat' dir='ltr'>prior</span> 
     </span>
    </p>

    <p class='ocr_par' dir='ltr' id='par_1_13' title="bbox 77 2707 1225 3766">
     <span class='ocr_line' id='line_1_32' title="bbox 152 2707 1210 2776; baseline 0.004 -16"><span class='ocrx_word' id='word_1_293' title='bbox 152 2712 189 2760; x_wconf 80' lang='lat' dir='ltr'>Et</span> <span class='ocrx_word' id='word_1_294' title='bbox 198 2711 273 2773; x_wconf 81' lang='lat' dir='ltr'>suits,</span> <span class='ocrx_word' id='word_1_295' title='bbox 283 2709 365 2772; x_wconf 82' lang='lat' dir='ltr'>Sosis]</span> <span class='ocrx_word' id='word_1_296' title='bbox 381 2707 450 2761; x_wconf 82' lang='lat' dir='ltr'>Quid</span> <span class='ocrx_word' id='word_1_297' title='bbox 461 2708 503 2758; x_wconf 82' lang='lat' dir='ltr'>lule</span> <span class='ocrx_word' id='word_1_298' title='bbox 515 2708 600 2772; x_wconf 82' lang='lat' dir='ltr'>deest,</span> <span class='ocrx_word' id='word_1_299' title='bbox 616 2715 646 2759; x_wconf 92' lang='lat' dir='ltr'>nt</span> <span class='ocrx_word' id='word_1_300' title='bbox 682 2707 783 2771; x_wconf 78' lang='lat' dir='ltr'>syllaba</span> <span class='ocrx_word' id='word_1_301' title='bbox 792 2709 854 2758; x_wconf 90' lang='lat' dir='ltr'>nihil</span> <span class='ocrx_word' id='word_1_302' title='bbox 866 2707 963 2760; x_wconf 87' lang='lat' dir='ltr'>refert:</span> <span class='ocrx_word' id='word_1_303' title='bbox 975 2727 1007 2760; x_wconf 85' lang='lat' dir='ltr'>ex</span> <span class='ocrx_word' id='word_1_304' title='bbox 1018 2715 1161 2776; x_wconf 86' lang='lat' dir='ltr'>posteriore</span> <span class='ocrx_word' id='word_1_305' title='bbox 1173 2715 1210 2764; x_wconf 86' lang='lat' dir='ltr'>ri·</span> 
     </span>
     <span class='ocr_line' id='line_1_33' title="bbox 120 2781 1209 2852; baseline 0.003 -15"><span class='ocrx_word' id='word_1_306' title='bbox 120 2802 176 2837; x_wconf 84' lang='lat' dir='ltr'>eum</span> <span class='ocrx_word' id='word_1_307' title='bbox 196 2802 287 2837; x_wconf 90' lang='lat' dir='ltr'>nurum</span> <span class='ocrx_word' id='word_1_308' title='bbox 306 2787 428 2852; x_wconf 77' lang='lat' dir='ltr'>dignetur</span> <span class='ocrx_word' id='word_1_309' title='bbox 437 2787 515 2849; x_wconf 83' lang='lat' dir='ltr'>Simo,</span> <span class='ocrx_word' id='word_1_310' title='bbox 527 2786 575 2836; x_wconf 90' lang='lat' dir='ltr'>nisi</span> <span class='ocrx_word' id='word_1_311' title='bbox 591 2787 646 2837; x_wconf 81' lang='lat' dir='ltr'>sols</span> <span class='ocrx_word' id='word_1_312' title='bbox 682 2781 857 2834; x_wconf 80' lang='lat' dir='ltr'>deterremus</span> <span class='ocrx_word' id='word_1_313' title='bbox 873 2786 999 2850; x_wconf 74' lang='lat' dir='ltr'>laborare,</span> <span class='ocrx_word' id='word_1_314' title='bbox 1017 2804 1074 2839; x_wconf 89' lang='lat' dir='ltr'>cum</span> <span class='ocrx_word' id='word_1_315' title='bbox 1094 2796 1105 2840; x_wconf 94' lang='lat' dir='ltr'>t</span> <span class='ocrx_word' id='word_1_316' title='bbox 1120 2791 1146 2839; x_wconf 91' lang='lat' dir='ltr'>iu</span> <span class='ocrx_word' id='word_1_317' title='bbox 1157 2790 1209 2840; x_wconf 84' lang='lat' dir='ltr'>tine</span> 
     </span>
     <span class='ocr_line' id='line_1_34' title="bbox 119 2861 1210 2928; baseline 0.002 -14"><span class='ocrx_word' id='word_1_318' title='bbox 119 2863 248 2928; x_wconf 75' lang='lat' dir='ltr'>cognitio?</span> <span class='ocrx_word' id='word_1_319' title='bbox 265 2863 407 2914; x_wconf 80' lang='lat' dir='ltr'>ett&#39;ormnm</span> <span class='ocrx_word' id='word_1_320' title='bbox 418 2863 547 2925; x_wconf 84' lang='lat' dir='ltr'>probutin</span> <span class='ocrx_word' id='word_1_321' title='bbox 559 2864 645 2926; x_wconf 80' lang='lat' dir='ltr'>puelle</span> <span class='ocrx_word' id='word_1_322' title='bbox 681 2861 806 2924; x_wconf 77' lang='lat' dir='ltr'>corripiet</span> <span class='ocrx_word' id='word_1_323' title='bbox 824 2862 966 2926; x_wconf 78' lang='lat' dir='ltr'>syllabam:</span> <span class='ocrx_word' id='word_1_324' title='bbox 983 2865 1028 2914; x_wconf 89' lang='lat' dir='ltr'>sed</span> <span class='ocrx_word' id='word_1_325' title='bbox 1048 2873 1210 2916; x_wconf 77' lang='lat' dir='ltr'>sustentetur</span> 
     </span>
     <span class='ocr_line' id='line_1_35' title="bbox 77 2939 1208 3005; baseline 0.003 -16"><span class='ocrx_word' id='word_1_326' title='bbox 77 2974 81 2979; x_wconf 92' lang='lat'>-</span> <span class='ocrx_word' id='word_1_327' title='bbox 119 2939 247 3005; x_wconf 73' lang='lat' dir='ltr'>Pamphili</span> <span class='ocrx_word' id='word_1_328' title='bbox 263 2945 347 3004; x_wconf 84' lang='lat' dir='ltr'>puter,</span> <span class='ocrx_word' id='word_1_329' title='bbox 362 2947 389 2989; x_wconf 91' lang='lat' dir='ltr'>et</span> <span class='ocrx_word' id='word_1_330' title='bbox 406 2940 572 2988; x_wconf 66' lang='lat' dir='ltr'>orationalem</span> <span class='ocrx_word' id='word_1_331' title='bbox 590 2953 644 2988; x_wconf 89' lang='lat' dir='ltr'>mo·</span> <span class='ocrx_word' id='word_1_332' title='bbox 681 2942 853 2986; x_wconf 69' lang='lat' dir='ltr'>exteterunt</span> <span class='ocrx_word' id='word_1_333' title='bbox 876 2939 991 3002; x_wconf 83' lang='lat' dir='ltr'>licentis,</span> <span class='ocrx_word' id='word_1_334' title='bbox 1014 2942 1208 3004; x_wconf 82' lang='lat' dir='ltr'>quihuretism</span> 
     </span>
     <span class='ocr_line' id='line_1_36' title="bbox 119 3011 1209 3078; baseline 0.004 -14"><span class='ocrx_word' id='word_1_335' title='bbox 119 3015 227 3067; x_wconf 81' lang='lat' dir='ltr'>destium</span> <span class='ocrx_word' id='word_1_336' title='bbox 238 3017 345 3066; x_wconf 83' lang='lat' dir='ltr'>miretur</span> <span class='ocrx_word' id='word_1_337' title='bbox 355 3016 382 3065; x_wconf 89' lang='lat' dir='ltr'>iu</span> <span class='ocrx_word' id='word_1_338' title='bbox 392 3016 475 3078; x_wconf 85' lang='lat' dir='ltr'>vultu,</span> <span class='ocrx_word' id='word_1_339' title='bbox 487 3021 514 3065; x_wconf 90' lang='lat' dir='ltr'>et</span> <span class='ocrx_word' id='word_1_340' title='bbox 525 3022 643 3065; x_wconf 81' lang='lat' dir='ltr'>venustu-</span> <span class='ocrx_word' id='word_1_341' title='bbox 680 3011 849 3073; x_wconf 77' lang='lat' dir='ltr'>producebat.</span> <span class='ocrx_word' id='word_1_342' title='bbox 888 3014 977 3063; x_wconf 80' lang='lat' dir='ltr'>Livius</span> <span class='ocrx_word' id='word_1_343' title='bbox 998 3016 1161 3067; x_wconf 82' lang='lat' dir='ltr'>Andronicus</span> <span class='ocrx_word' id='word_1_344' title='bbox 1181 3020 1209 3068; x_wconf 88' lang='lat' dir='ltr'>in</span> 
     </span>
     <span class='ocr_line' id='line_1_37' title="bbox 118 3087 1209 3156; baseline 0.003 -15"><span class='ocrx_word' id='word_1_345' title='bbox 118 3097 171 3141; x_wconf 89' lang='lat' dir='ltr'>tem</span> <span class='ocrx_word' id='word_1_346' title='bbox 182 3097 279 3154; x_wconf 84' lang='lat' dir='ltr'>stupet.</span> <span class='ocrx_word' id='word_1_347' title='bbox 306 3092 398 3141; x_wconf 86' lang='lat' dir='ltr'>Nonne</span> <span class='ocrx_word' id='word_1_348' title='bbox 410 3106 473 3155; x_wconf 77' lang='lat' dir='ltr'>ergo</span> <span class='ocrx_word' id='word_1_349' title='bbox 489 3092 546 3156; x_wconf 87' lang='lat' dir='ltr'>jusu</span> <span class='ocrx_word' id='word_1_350' title='bbox 562 3092 645 3141; x_wconf 86' lang='lat' dir='ltr'>cerui·</span> <span class='ocrx_word' id='word_1_351' title='bbox 680 3087 818 3152; x_wconf 73' lang='lat' dir='ltr'>Odyssea:</span> <span class='ocrx_word' id='word_1_352' title='bbox 834 3090 917 3140; x_wconf 84' lang='lat' dir='ltr'>‘Cum</span> <span class='ocrx_word' id='word_1_353' title='bbox 927 3091 1011 3141; x_wconf 87' lang='lat' dir='ltr'>socios</span> <span class='ocrx_word' id='word_1_354' title='bbox 1022 3101 1125 3143; x_wconf 89' lang='lat' dir='ltr'>nostros</span> <span class='ocrx_word' id='word_1_355' title='bbox 1136 3110 1209 3144; x_wconf 86' lang='lat' dir='ltr'>men·</span> 
     </span>
     <span class='ocr_line' id='line_1_38' title="bbox 118 3162 1207 3231; baseline 0.006 -18"><span class='ocrx_word' id='word_1_356' title='bbox 118 3178 174 3214; x_wconf 89' lang='lat' dir='ltr'>mus</span> <span class='ocrx_word' id='word_1_357' title='bbox 184 3164 232 3213; x_wconf 88' lang='lat' dir='ltr'>hoc</span> <span class='ocrx_word' id='word_1_358' title='bbox 247 3165 428 3228; x_wconf 78' lang='lat' dir='ltr'>prestruxisse</span> <span class='ocrx_word' id='word_1_359' title='bbox 438 3165 598 3229; x_wconf 85' lang='lat' dir='ltr'>Terentium,</span> <span class='ocrx_word' id='word_1_360' title='bbox 613 3171 643 3215; x_wconf 93' lang='lat' dir='ltr'>ut</span> <span class='ocrx_word' id='word_1_361' title='bbox 679 3162 761 3213; x_wconf 86' lang='lat' dir='ltr'>disset</span> <span class='ocrx_word' id='word_1_362' title='bbox 771 3163 864 3229; x_wconf 88' lang='lat' dir='ltr'>impius</span> <span class='ocrx_word' id='word_1_363' title='bbox 874 3166 1006 3231; x_wconf 67' lang='lat' dir='ltr'>Cyclops!</span> <span class='ocrx_word' id='word_1_364' title='bbox 1037 3170 1150 3218; x_wconf 83' lang='lat' dir='ltr'>Ennius:</span> <span class='ocrx_word' id='word_1_365' title='bbox 1161 3169 1207 3221; x_wconf 84' lang='lat' dir='ltr'>‘It</span> 
     </span>
     <span class='ocr_line' id='line_1_39' title="bbox 119 3239 1208 3308; baseline 0.005 -19"><span class='ocrx_word' id='word_1_366' title='bbox 119 3253 177 3290; x_wconf 87' lang='lat' dir='ltr'>cnm</span> <span class='ocrx_word' id='word_1_367' title='bbox 187 3239 330 3289; x_wconf 85' lang='lat' dir='ltr'>Chremetis</span> <span class='ocrx_word' id='word_1_368' title='bbox 338 3239 418 3289; x_wconf 86' lang='lat' dir='ltr'>illium</span> <span class='ocrx_word' id='word_1_369' title='bbox 426 3255 483 3290; x_wconf 85' lang='lat' dir='ltr'>esse</span> <span class='ocrx_word' id='word_1_370' title='bbox 491 3243 642 3304; x_wconf 75' lang='lat' dir='ltr'>cognoverit</span> <span class='ocrx_word' id='word_1_371' title='bbox 678 3254 767 3303; x_wconf 86' lang='lat' dir='ltr'>eques,</span> <span class='ocrx_word' id='word_1_372' title='bbox 785 3247 812 3290; x_wconf 90' lang='lat' dir='ltr'>et</span> <span class='ocrx_word' id='word_1_373' title='bbox 823 3243 914 3304; x_wconf 75' lang='lat' dir='ltr'>plausu</span> <span class='ocrx_word' id='word_1_374' title='bbox 926 3257 988 3293; x_wconf 77' lang='lat' dir='ltr'>mun</span> <span class='ocrx_word' id='word_1_375' title='bbox 998 3245 1114 3293; x_wconf 85' lang='lat' dir='ltr'>concutit</span> <span class='ocrx_word' id='word_1_376' title='bbox 1125 3259 1208 3308; x_wconf 75' lang='lat' dir='ltr'>ungu·</span> 
     </span>
     <span class='ocr_line' id='line_1_40' title="bbox 118 3313 1207 3380; baseline 0.005 -16"><span class='ocrx_word' id='word_1_377' title='bbox 118 3315 198 3378; x_wconf 84' lang='lat' dir='ltr'>Simo,</span> <span class='ocrx_word' id='word_1_378' title='bbox 217 3314 282 3365; x_wconf 83' lang='lat' dir='ltr'>hunc</span> <span class='ocrx_word' id='word_1_379' title='bbox 298 3313 384 3378; x_wconf 87' lang='lat' dir='ltr'>potins</span> <span class='ocrx_word' id='word_1_380' title='bbox 395 3314 482 3379; x_wconf 74' lang='lat' dir='ltr'>eliget,</span> <span class='ocrx_word' id='word_1_381' title='bbox 492 3330 569 3380; x_wconf 82' lang='lat' dir='ltr'>qnam</span> <span class='ocrx_word' id='word_1_382' title='bbox 580 3317 642 3367; x_wconf 90' lang='lat' dir='ltr'>Phi·</span> <span class='ocrx_word' id='word_1_383' title='bbox 678 3315 704 3364; x_wconf 77' lang='lat' dir='ltr'>le</span> <span class='ocrx_word' id='word_1_384' title='bbox 714 3316 827 3366; x_wconf 66' lang='lat' dir='ltr'>terrum!</span> <span class='ocrx_word' id='word_1_385' title='bbox 849 3317 921 3366; x_wconf 89' lang='lat' dir='ltr'>Idem</span> <span class='ocrx_word' id='word_1_386' title='bbox 931 3333 939 3367; x_wconf 79' lang='lat' dir='ltr'>t</span> <span class='ocrx_word' id='word_1_387' title='bbox 950 3318 959 3347; x_wconf 89' lang='lat'>‘</span> <span class='ocrx_word' id='word_1_388' title='bbox 970 3317 1062 3368; x_wconf 88' lang='lat' dir='ltr'>Omnis</span> <span class='ocrx_word' id='word_1_389' title='bbox 1071 3334 1132 3369; x_wconf 80' lang='lat' dir='ltr'>curs</span> <span class='ocrx_word' id='word_1_390' title='bbox 1144 3321 1207 3369; x_wconf 86' lang='lat' dir='ltr'>slris</span> 
     </span>
     <span class='ocr_line' id='line_1_41' title="bbox 118 3389 1207 3455; baseline 0.006 -16"><span class='ocrx_word' id='word_1_391' title='bbox 118 3390 255 3453; x_wconf 84' lang='lat' dir='ltr'>lnmeusm,</span> <span class='ocrx_word' id='word_1_392' title='bbox 272 3389 379 3440; x_wconf 82' lang='lat' dir='ltr'>nurum?</span> <span class='ocrx_word' id='word_1_393' title='bbox 393 3403 536 3455; x_wconf 86' lang='lat' dir='ltr'>qnanusm</span> <span class='ocrx_word' id='word_1_394' title='bbox 552 3405 586 3440; x_wconf 85' lang='lat' dir='ltr'>ex</span> <span class='ocrx_word' id='word_1_395' title='bbox 601 3406 642 3440; x_wconf 89' lang='lat' dir='ltr'>so·</span> <span class='ocrx_word' id='word_1_396' title='bbox 678 3395 738 3439; x_wconf 89' lang='lat' dir='ltr'>nter</span> <span class='ocrx_word' id='word_1_397' title='bbox 747 3397 817 3441; x_wconf 86' lang='lat' dir='ltr'>esset</span> <span class='ocrx_word' id='word_1_398' title='bbox 828 3390 1014 3455; x_wconf 65' lang='lat' dir='ltr'>induperator!</span> <span class='ocrx_word' id='word_1_399' title='bbox 1047 3396 1131 3445; x_wconf 85' lang='lat' dir='ltr'>Item:</span> <span class='ocrx_word' id='word_1_400' title='bbox 1144 3397 1207 3445; x_wconf 84' lang='lat' dir='ltr'>‘ln-</span> 
     </span>
     <span class='ocr_line' id='line_1_42' title="bbox 117 3463 1207 3532; baseline 0.004 -16"><span class='ocrx_word' id='word_1_401' title='bbox 117 3467 184 3516; x_wconf 83' lang='lat' dir='ltr'>roris</span> <span class='ocrx_word' id='word_1_402' title='bbox 201 3465 402 3531; x_wconf 86' lang='lat' dir='ltr'>pulchritudine,</span> <span class='ocrx_word' id='word_1_403' title='bbox 417 3472 541 3516; x_wconf 83' lang='lat' dir='ltr'>etumore</span> <span class='ocrx_word' id='word_1_404' title='bbox 552 3468 642 3518; x_wconf 72' lang='lat' dir='ltr'>ched-</span> <span class='ocrx_word' id='word_1_405' title='bbox 677 3463 717 3529; x_wconf 79' lang='lat' dir='ltr'>dt,</span> <span class='ocrx_word' id='word_1_406' title='bbox 728 3465 752 3516; x_wconf 94' lang='lat'>0</span> <span class='ocrx_word' id='word_1_407' title='bbox 764 3467 843 3530; x_wconf 79' lang='lat' dir='ltr'>cives,</span> <span class='ocrx_word' id='word_1_408' title='bbox 855 3480 914 3532; x_wconf 76' lang='lat' dir='ltr'>qum</span> <span class='ocrx_word' id='word_1_409' title='bbox 929 3483 970 3518; x_wconf 90' lang='lat' dir='ltr'>me</span> <span class='ocrx_word' id='word_1_410' title='bbox 980 3469 1085 3519; x_wconf 79' lang='lat' dir='ltr'>fortune</span> <span class='ocrx_word' id='word_1_411' title='bbox 1100 3470 1207 3521; x_wconf 80' lang='lat' dir='ltr'>feronio</span> 
     </span>
     <span class='ocr_line' id='line_1_43' title="bbox 80 3541 1208 3608; baseline 0.003 -17"><span class='ocrx_word' id='word_1_412' title='bbox 80 3552 85 3559; x_wconf 82' lang='grc'><strong>’</strong></span> <span class='ocrx_word' id='word_1_413' title='bbox 117 3544 154 3606; x_wconf 88' lang='lat' dir='ltr'>ui,</span> <span class='ocrx_word' id='word_1_414' title='bbox 176 3549 205 3593; x_wconf 87' lang='lat' dir='ltr'>et</span> <span class='ocrx_word' id='word_1_415' title='bbox 225 3544 295 3594; x_wconf 82' lang='lat' dir='ltr'>Duri</span> <span class='ocrx_word' id='word_1_416' title='bbox 321 3541 484 3604; x_wconf 81' lang='lat' dir='ltr'>lundatioue3</span> <span class='ocrx_word' id='word_1_417' title='bbox 509 3542 641 3607; x_wconf 81' lang='lat' dir='ltr'>idipsum</span> <span class='ocrx_word' id='word_1_418' title='bbox 678 3541 801 3592; x_wconf 84' lang='lat' dir='ltr'>Contudit</span> <span class='ocrx_word' id='word_1_419' title='bbox 811 3542 918 3607; x_wconf 68' lang='lat' dir='ltr'>indigno</span> <span class='ocrx_word' id='word_1_420' title='bbox 926 3544 1128 3608; x_wconf 82' lang='lat' dir='ltr'>bello,cousecit</span> <span class='ocrx_word' id='word_1_421' title='bbox 1136 3560 1208 3603; x_wconf 82' lang='lat' dir='ltr'>scer·</span> 
     </span>
     <span class='ocr_line' id='line_1_44' title="bbox 117 3615 862 3683; baseline 0.005 -16"><span class='ocrx_word' id='word_1_422' title='bbox 117 3632 218 3683; x_wconf 86' lang='lat' dir='ltr'>quoque</span> <span class='ocrx_word' id='word_1_423' title='bbox 246 3619 328 3681; x_wconf 87' lang='lat' dir='ltr'>probe</span> <span class='ocrx_word' id='word_1_424' title='bbox 357 3619 539 3669; x_wconf 71' lang='lat' dir='ltr'>monstraverit</span> <span class='ocrx_word' id='word_1_425' title='bbox 557 3619 640 3670; x_wconf 84' lang='lat' dir='ltr'>nobis.</span> <span class='ocrx_word' id='word_1_426' title='bbox 676 3615 730 3667; x_wconf 66' lang='lat' dir='ltr'>ho!</span> <span class='ocrx_word' id='word_1_427' title='bbox 747 3619 862 3671; x_wconf 72' lang='lat' dir='ltr'>Fuimus.</span> 
     </span>
     <span class='ocr_line' id='line_1_45' title="bbox 116 3691 1225 3766; baseline 0.005 -24"><span class='ocrx_word' id='word_1_428' title='bbox 116 3693 191 3744; x_wconf 76' lang='lat' dir='ltr'>ldesss·</span> <span class='ocrx_word' id='word_1_429' title='bbox 708 3691 803 3746; x_wconf 73' lang='lat' dir='ltr'>Assos!</span> <span class='ocrx_word' id='word_1_430' title='bbox 827 3695 869 3745; x_wconf 84' lang='lat' dir='ltr'>hoc</span> <span class='ocrx_word' id='word_1_431' title='bbox 889 3696 948 3745; x_wconf 85' lang='lat' dir='ltr'>s&#39;llssd</span> <span class='ocrx_word' id='word_1_432' title='bbox 964 3696 1011 3759; x_wconf 83' lang='lat' dir='ltr'>est]</span> <span class='ocrx_word' id='word_1_433' title='bbox 1027 3697 1091 3747; x_wconf 85' lang='lat' dir='ltr'>Sub.</span> <span class='ocrx_word' id='word_1_434' title='bbox 1107 3698 1144 3746; x_wconf 87' lang='lat' dir='ltr'>sic</span> <span class='ocrx_word' id='word_1_435' title='bbox 1162 3713 1225 3766; x_wconf 63' lang='lat' dir='ltr'>co·⁸</span> 
     </span>
    </p>

    <p class='ocr_par' dir='ltr' id='par_1_14' title="bbox 152 3769 1205 3837">
     <span class='ocr_line' id='line_1_46' title="bbox 152 3769 1205 3837; baseline 0.004 -16"><span class='ocrx_word' id='word_1_436' title='bbox 152 3769 237 3835; x_wconf 80' lang='lat' dir='ltr'>Vultus]</span> <span class='ocrx_word' id='word_1_437' title='bbox 248 3769 313 3821; x_wconf 78' lang='lat' dir='ltr'>Heu</span> <span class='ocrx_word' id='word_1_438' title='bbox 322 3770 378 3820; x_wconf 80' lang='lat' dir='ltr'>leus</span> <span class='ocrx_word' id='word_1_439' title='bbox 389 3769 502 3834; x_wconf 72' lang='lat' dir='ltr'>adjuvet,</span> <span class='ocrx_word' id='word_1_440' title='bbox 512 3775 573 3834; x_wconf 90' lang='lat' dir='ltr'>post</span> <span class='ocrx_word' id='word_1_441' title='bbox 583 3784 640 3834; x_wconf 77' lang='lat' dir='ltr'>cog·</span> <span class='ocrx_word' id='word_1_442' title='bbox 676 3769 805 3833; x_wconf 69' lang='lat' dir='ltr'>gltnbnm:</span> <span class='ocrx_word' id='word_1_443' title='bbox 823 3778 884 3822; x_wconf 81' lang='lat' dir='ltr'>eut:</span> <span class='ocrx_word' id='word_1_444' title='bbox 901 3781 1003 3837; x_wconf 83' lang='lat' dir='ltr'>egomet</span> <span class='ocrx_word' id='word_1_445' title='bbox 1018 3775 1205 3825; x_wconf 80' lang='lat' dir='ltr'>continuone·</span> 
     </span>
    </p>
   </div>
   <div class='ocr_carea' id='block_1_9' title="bbox 116 3837 1207 4220">
    <p class='ocr_par' dir='ltr' id='par_1_15' title="bbox 116 3837 1204 3912">
     <span class='ocr_line' id='line_1_47' title="bbox 116 3837 1204 3912; baseline 0.005 -15"><span class='ocrx_word' id='word_1_446' title='bbox 116 3848 249 3912; x_wconf 77' lang='lat' dir='ltr'>ultionem,</span> <span class='ocrx_word' id='word_1_447' title='bbox 261 3847 484 3897; x_wconf 82' lang='lat' dir='ltr'>futurumuumm.</span> <span class='ocrx_word' id='word_1_448' title='bbox 501 3847 575 3896; x_wconf 80' lang='lat' dir='ltr'>Idem.</span> <span class='ocrx_word' id='word_1_449' title='bbox 677 3860 744 3908; x_wconf 84' lang='lat' dir='ltr'>oum,</span> <span class='ocrx_word' id='word_1_450' title='bbox 760 3854 893 3910; x_wconf 69' lang='lat' dir='ltr'>utsupra:</span> <span class='ocrx_word' id='word_1_451' title='bbox 912 3858 1028 3899; x_wconf 88' lang='lat' dir='ltr'>ceterum</span> <span class='ocrx_word' id='word_1_452' title='bbox 1049 3852 1108 3901; x_wconf 84' lang='lat' dir='ltr'>illu:</span> <span class='ocrx_word' id='word_1_453' title='bbox 1125 3837 1134 3881; x_wconf 59' lang='lat'>‘&#39;</span> <span class='ocrx_word' id='word_1_454' title='bbox 1144 3853 1204 3902; x_wconf 83' lang='lat' dir='ltr'>Hoc</span> 
     </span>
    </p>

    <p class='ocr_par' dir='ltr' id='par_1_16' title="bbox 117 3922 1207 4220">
     <span class='ocr_line' id='line_1_48' title="bbox 149 3922 1205 3988; baseline 0.007 -16"><span class='ocrx_word' id='word_1_455' title='bbox 149 3929 180 3972; x_wconf 76' lang='grc'>93</span> <span class='ocrx_word' id='word_1_456' title='bbox 196 3926 262 3976; x_wconf 78' lang='lat' dir='ltr'>Adeo</span> <span class='ocrx_word' id='word_1_457' title='bbox 271 3927 381 3988; x_wconf 81' lang='lat' dir='ltr'>modesto,</span> <span class='ocrx_word' id='word_1_458' title='bbox 395 3925 452 3975; x_wconf 83' lang='lat' dir='ltr'>odeo</span> <span class='ocrx_word' id='word_1_459' title='bbox 461 3923 569 3987; x_wconf 75' lang='lat' dir='ltr'>oessdo]</span> <span class='ocrx_word' id='word_1_460' title='bbox 583 3924 639 3973; x_wconf 83' lang='lat' dir='ltr'>Mo·</span> <span class='ocrx_word' id='word_1_461' title='bbox 675 3922 804 3973; x_wconf 83' lang='lat' dir='ltr'>illudent:</span> <span class='ocrx_word' id='word_1_462' title='bbox 822 3924 882 3975; x_wconf 91' lang='lat' dir='ltr'>hinc</span> <span class='ocrx_word' id='word_1_463' title='bbox 893 3924 944 3974; x_wconf 79' lang='lat' dir='ltr'>illes</span> <span class='ocrx_word' id='word_1_464' title='bbox 955 3927 1080 3977; x_wconf 69' lang='lat' dir='ltr'>lucrinum:</span> <span class='ocrx_word' id='word_1_465' title='bbox 1092 3929 1149 3979; x_wconf 80' lang='lat' dir='ltr'>hec</span> <span class='ocrx_word' id='word_1_466' title='bbox 1160 3930 1205 3979; x_wconf 84' lang='lat' dir='ltr'>illu</span> 
     </span>
     <span class='ocr_line' id='line_1_49' title="bbox 117 3998 1207 4065; baseline 0.001 -11"><span class='ocrx_word' id='word_1_467' title='bbox 117 3998 204 4062; x_wconf 73' lang='lat' dir='ltr'>deum,</span> <span class='ocrx_word' id='word_1_468' title='bbox 220 4000 252 4049; x_wconf 81' lang='lat' dir='ltr'>od</span> <span class='ocrx_word' id='word_1_469' title='bbox 267 4001 422 4065; x_wconf 87' lang='lat' dir='ltr'>probitutem</span> <span class='ocrx_word' id='word_1_470' title='bbox 442 4001 528 4051; x_wconf 81' lang='lat' dir='ltr'>vultus</span> <span class='ocrx_word' id='word_1_471' title='bbox 544 4008 572 4052; x_wconf 92' lang='lat' dir='ltr'>et</span> <span class='ocrx_word' id='word_1_472' title='bbox 586 4016 639 4052; x_wconf 82' lang='lat' dir='ltr'>uuo-</span> <span class='ocrx_word' id='word_1_473' title='bbox 676 4007 717 4048; x_wconf 90' lang='lat' dir='ltr'>est</span> <span class='ocrx_word' id='word_1_474' title='bbox 727 3999 902 4049; x_wconf 79' lang='lat' dir='ltr'>misericordie</span> <span class='ocrx_word' id='word_1_475' title='bbox 912 4001 929 4050; x_wconf 73' lang='grc' dir='ltr'>ι’</span> <span class='ocrx_word' id='word_1_476' title='bbox 944 4002 1054 4052; x_wconf 77' lang='lat' dir='ltr'>inimum</span> <span class='ocrx_word' id='word_1_477' title='bbox 1070 4005 1138 4053; x_wconf 86' lang='lat' dir='ltr'>senis</span> <span class='ocrx_word' id='word_1_478' title='bbox 1156 4008 1207 4057; x_wconf 86' lang='lat' dir='ltr'>sol·</span> 
     </span>
     <span class='ocr_line' id='line_1_50' title="bbox 118 4074 1204 4140; baseline -0.001 -16"><span class='ocrx_word' id='word_1_479' title='bbox 118 4086 173 4120; x_wconf 83' lang='lat' dir='ltr'>rum</span> <span class='ocrx_word' id='word_1_480' title='bbox 191 4075 452 4139; x_wconf 77' lang='lat' dir='ltr'>pertinetsvessustss,</span> <span class='ocrx_word' id='word_1_481' title='bbox 472 4076 638 4128; x_wconf 77' lang='lat' dir='ltr'>educturum</span> <span class='ocrx_word' id='word_1_482' title='bbox 676 4074 812 4125; x_wconf 86' lang='lat' dir='ltr'>lisitudine</span> <span class='ocrx_word' id='word_1_483' title='bbox 841 4076 1021 4140; x_wconf 81' lang='lat' dir='ltr'>perturbatum</span> <span class='ocrx_word' id='word_1_484' title='bbox 1046 4081 1204 4134; x_wconf 67' lang='lat' dir='ltr'>ostenduns2</span> 
     </span>
     <span class='ocr_line' id='line_1_51' title="bbox 117 4147 1205 4220; baseline 0.009 -22"><span class='ocrx_word' id='word_1_485' title='bbox 117 4147 241 4213; x_wconf 82' lang='lat' dir='ltr'>eorporis.</span> <span class='ocrx_word' id='word_1_486' title='bbox 279 4150 367 4216; x_wconf 80' lang='lat' dir='ltr'>Atque</span> <span class='ocrx_word' id='word_1_487' title='bbox 385 4151 451 4202; x_wconf 85' lang='lat' dir='ltr'>uduo</span> <span class='ocrx_word' id='word_1_488' title='bbox 469 4152 521 4202; x_wconf 90' lang='lat' dir='ltr'>sihi</span> <span class='ocrx_word' id='word_1_489' title='bbox 540 4155 639 4204; x_wconf 83' lang='lat' dir='ltr'>vultum</span> <span class='ocrx_word' id='word_1_490' title='bbox 676 4152 783 4204; x_wconf 76' lang='lat' dir='ltr'>multum</span> <span class='ocrx_word' id='word_1_491' title='bbox 794 4151 861 4204; x_wconf 87' lang='lat' dir='ltr'>euim</span> <span class='ocrx_word' id='word_1_492' title='bbox 873 4153 914 4204; x_wconf 89' lang='lat' dir='ltr'>hio</span> <span class='ocrx_word' id='word_1_493' title='bbox 933 4156 1063 4220; x_wconf 86' lang='lat' dir='ltr'>repetitio,</span> <span class='ocrx_word' id='word_1_494' title='bbox 1078 4165 1106 4207; x_wconf 85' lang='lat' dir='ltr'>et</span> <span class='ocrx_word' id='word_1_495' title='bbox 1125 4159 1205 4210; x_wconf 90' lang='lat' dir='ltr'>iuter·</span> 
     </span>
    </p>
   </div>
   <div class='ocr_carea' id='block_1_10' title="bbox 0 0 1342 4710">
    <p class='ocr_par' dir='ltr' id='par_1_17' title="bbox 0 0 1342 4710">
     <span class='ocr_line' id='line_1_52' title="bbox 0 0 1342 4710; baseline 0 2"><span class='ocrx_word' id='word_1_496' title='bbox 0 0 1342 4710; x_wconf 95' lang='lat' dir='ltr'> </span> 
     </span>
    </p>
   </div>
  </div>
 </body>
</html>
