2676 4710
113 314 201 383 1³58
465 325 574 374 nora
599 325 797 373 ramosum
817 325 862 385 ,m

115 473 239 537 expedire
250 472 346 521 valeat.
365 469 507 519 Farnobirrs.
680 467 773 533 quibus
781 465 897 516 aufertur
906 463 1023 529 praeda!
1056 462 1138 525 Apud
1147 463 1205 512 Plau·

149 555 165 598 4
185 552 247 598 Num
258 550 318 611 quod
327 561 417 606 sperem
433 548 462 593 de
476 546 587 608 urgento]
604 543 644 593 Li·
683 555 736 594 tum
747 545 828 607 legas,
847 546 974 604 ‘tangere
998 538 1079 589 bolo'
1104 541 1216 604 aliquem,

116 627 164 676 ber
177 625 325 682 Bembiuus,
336 621 511 682 Victorianus,
529 630 555 670 et
573 621 646 669 Basi-
682 620 725 670 ubi
737 622 896 682 interpretes
909 617 981 665 ride.
1000 617 1140 664 Boeclem.
1223 620 1228 627 '

117 701 227 760 liranus,
240 714 295 746 nom
313 699 419 759 quodue
437 703 535 760 urgento
550 713 646 761 φοι-ειη.
716 695 814 757 Bolum]
832 693 950 756 Metaph.
963 692 1000 741 ab
1018 692 1141 754 alitibus,
1157 690 1207 741 cani·

120 777 244 826 Faernus.
684 771 742 829 bus,
762 777 807 819 aut
824 768 886 818 feris
905 767 1028 831 praedam
1045 767 1210 830 captantibus.

151 849 269 911 Argento]
289 848 346 897 Quo
358 863 444 896 senem
464 848 543 896 ferire
557 854 585 896 et
596 847 646 895 cir·
685 846 827 896 anubt'es.

120 924 433 984 cumducerecogitarem.
452 922 593 971 Farnobias.
717 929 732 973 7
756 923 820 978 Quid
842 919 1024 982 comminiscar]
1052 918 1129 970 Quid
1150 933 1209 981 argu·

153 1007 167 1048 5
187 999 322 1062 Triumpho,
333 1000 355 1046 si
365 999 431 1060 licei]
446 998 577 1046 Summum
588 1010 647 1058 gnu-
685 1000 765 1049 meuti
777 999 885 1063 capiam.
898 1006 925 1047 et
934 1005 980 1047 est
998 998 1175 1057 mminisuor,
1184 997 1211 1044 in·

120 1076 188 1124 dium
199 1083 249 1135 est,
262 1075 282 1122 si
295 1082 365 1123 tutus
377 1077 432 1122 siue
445 1074 552 1121 vulnere
567 1073 648 1121 disce·
687 1077 760 1124 renio
774 1077 815 1124 vel
827 1074 961 1134 recordor,
980 1075 1060 1139 cujus
1073 1074 1183 1136 simplex
1195 1074 1213 1121 iu

121 1153 179 1201 dam
193 1169 199 1200 :
216 1152 265 1202 lroc
278 1160 325 1210 est,
336 1152 417 1198 latere
437 1158 508 1198 tecto
526 1159 552 1197 et
565 1158 649 1198 custo·
686 1166 735 1200 usn
747 1158 854 1200 nonest.
873 1150 1047 1212 Errgroplrins.

121 1228 185 1277 dito.
218 1228 279 1275 Non
296 1242 357 1281 eruo
370 1228 401 1273 de
413 1235 520 1287 argento
531 1226 648 1287 cogitare
718 1231 734 1274 8
755 1226 1001 1289 Nilriltomdifficile]
1024 1223 1105 1273 Adde
1114 1222 1214 1283 verbnm,

121 1304 212 1362 debeo,
221 1302 434 1366 quemadmodum
443 1301 467 1349 id
477 1301 594 1362 eripiam,
604 1300 649 1348 sed
686 1309 730 1363 est,
750 1317 782 1348 ex
794 1316 817 1350 o.
829 1303 847 1350 l.
858 1316 878 1349 s.
896 1302 1026 1350 Faernus.

122 1378 335 1441 qrremadmodum
355 1386 425 1426 tutus
437 1379 492 1440 ipse
510 1377 648 1425 discedam.
721 1378 765 1425 Nil
783 1382 832 1423 lom
847 1377 945 1440 defficiie
962 1376 1016 1438 est]
1031 1375 1215 1436 Ἅλυιὰγίιπιι

124 1455 286 1516 Eugruphius.
687 1451 805 1514 ἐπιμελείᾳ
816 1451 854 1499 rai
862 1449 925 1512 πόνῳ
937 1449 1048 1500 ἅπαντα.
1077 1452 1216 1500 Menander.

156 1529 283 1591 ibinmpbo
293 1529 314 1575 si
332 1529 386 1576 licet
396 1543 430 1576 me
441 1530 514 1577 lutere
526 1534 586 1577 tecto
597 1527 650 1576 ubs-
687 1529 715 1577 rb
726 1527 750 1576 δὲ
761 1526 904 1590 ζητούμενον
911 1526 1036 1576 ‘Abarim
1055 1525 1166 1588 ἐκφεύγει
1174 1525 1215 1574 lis'

122 1605 299 1666 raderamind
326 1606 380 1653 vult
405 1606 454 1653 sibi
473 1604 651 1667 Calpburnius,
687 1602 851 1664 ἀμελούμενον.
875 1603 1153 1666 Sophocl.OEdip.'l'.
1169 1601 1214 1650 ra·

123 1697 182 1730 cum
194 1688 299 1729 annotat
312 1681 321 1727 i
338 1681 433 1729 ‘verba
444 1681 549 1743 proprie
566 1695 650 1729 servo·
687 1681 778 1729 sobius.

124 1771 189 1816 rum,
206 1756 325 1819 quotiens
343 1755 442 1817 vident,
459 1771 487 1803 se
498 1756 567 1820 quod
583 1748 650 1804 iuce-
723 1754 1051 1817 Quidsiboc]Cogitantis
1063 1754 1215 1816 animmque·

124 1839 227 1896 perant,
243 1840 395 1894 perpetrare
414 1845 463 1878 nou
476 1831 570 1893 posse!
589 1830 651 1893 quid
689 1834 778 1882 siclum
791 1834 872 1881 multa
883 1830 1066 1879 deliberando
1083 1828 1215 1894 quaeritis-

124 1914 212 1970 potest
222 1908 262 1954 iric
274 1907 355 1953 servis
368 1908 498 1968 proprium
510 1907 586 1954 esse?
603 1908 651 1954 ita·
690 1911 760 1958 venit
769 1909 893 1972 quaedam,
904 1921 958 1954 non
978 1907 1087 1967 placita
1108 1904 1218 1969 repudio.

125 1999 176 2046 qrre
204 1984 295 2032 merito
322 1983 521 2043 reprehenditur
539 1983 617 2030 etiam
637 1998 653 2031 a
691 1985 756 2032 Post
767 1983 792 2031 id
811 1982 877 2047 quod
891 1982 927 2028 sit
943 1981 1094 2042 optimum,
1106 1979 1216 2028 invenisse

126 2059 238 2107 Nunnio.
271 2057 321 2107 Qui
344 2059 454 2118 glossam
477 2057 503 2105 in
521 2058 652 2106 codicibus
690 2075 717 2108 se
730 2060 804 2116 dicit,
821 2066 849 2107 ut
861 2057 895 2105 ad
913 2072 943 2105 se
961 2057 1033 2104 illud
1052 2061 1215 2120 argum-rur

125 2137 189 2184 lllss.
203 2135 305 2194 uostris,
321 2148 397 2196 quam
415 2133 539 2195 praemisi,
551 2132 653 2194 adjece·
692 2149 814 2184 revoeare
826 2133 919 2195 possit,
932 2132 1005 2196 quod
1027 2133 1162 2181 omiserat.
1178 2131 1214 2178 ns

125 2217 193 2271 runt,
214 2211 298 2269 bitere,
321 2215 349 2256 nt
371 2209 479 2257 verbum
506 2222 651 2270 accepere3
688 2211 812 2273 graphius.

125 2285 194 2334 unde
217 2290 244 2333 et
267 2283 385 2346 copulam
406 2290 467 2331 ante
485 2281 515 2330 rb
532 2283 654 2330 obscedere
725 2286 790 2341 Quid
806 2283 879 2332 iiboe
896 2283 933 2330 sic
948 2283 1072 2345 incipiam
1089 2281 1160 2344 aesc]
1175 2282 1216 2331 tli-

125 2362 250 2412 infercire
270 2361 320 2409 illis
339 2361 446 2422 placuit.
486 2359 539 2409 Sed
561 2373 652 2407 nomen
691 2361 812 2424 quilibri‚
824 2365 1123 2419 recentes,tameu,non
1138 2357 1217 2406 babent

125 2448 177 2500 est,
210 2441 283 2487 latere
311 2443 379 2486 tecto.
398 2437 520 2485 obscedere
546 2441 607 2484 iccio
629 2438 653 2482 el
691 2438 828 2485 dictionem
840 2447 973 2497 armoque
986 2435 1098 2483 sublata
1114 2431 1218 2496 procedit

124 2517 242 2562 custodito
258 2517 340 2575 lutere,
361 2523 445 2561 sumta
465 2529 480 2561 a
497 2512 603 2560 militari
626 2526 653 2560 re
692 2511 849 2561 octonarius.
867 2507 945 2557 aliter
961 2517 1007 2557 est
1029 2510 1175 2558 trochaicus
1183 2508 1218 2570 by·

125 2590 238 2638 locutio:
252 2591 319 2651 quod
333 2588 585 2650 recteEugrapbius‚
596 2601 654 2639 cnm
691 2586 916 2652 percatalectieus.
950 2584 1101 2633 Benrbiuus
1113 2583 1219 2633 itaeollo

126 2677 229 2710 sensum
251 2664 326 2724 hujus
348 2664 396 2710 loci
419 2661 572 2724 explicaret,
601 2663 655 2710 aui·
692 2673 745 2724 car,
757 2665 813 2726 quid
823 2663 845 2710 ri
855 2663 898 2710 boc
908 2675 973 2708 sanc
984 2661 1024 2709 sie
1043 2661 1176 2724 incipiuni
1189 2660 1219 2706 its

102 2794 105 2800 ³
126 2737 278 2785 madvertit.
306 2738 462 2785 Secntisnnt
474 2737 601 2797 Nunnius,
611 2738 655 2784 Fa·
692 2748 720 2788 et
734 2738 895 2787 Basilicanus
907 2736 1132 2796 etVictorianns‚
1143 2737 1218 2797 inquo

127 2812 232 2872 bricius,
244 2818 271 2860 et
289 2813 348 2859 alii:
367 2813 399 2858 ad
419 2826 525 2874 quorum
543 2819 656 2859 mentem
695 2821 782 2862 tamen
793 2828 854 2861 naar
865 2819 1032 2873 expunctum
1046 2820 1098 2862 est.
1116 2813 1218 2862 Fuimus.

126 2895 274 2952 opportuna
286 2896 345 2934 suut
356 2888 413 2936 loca
425 2887 655 2950 scriptorumque
727 2890 791 2944 Quid
812 2887 903 2948 sibor]
921 2889 1075 2950 Euprapbii
1098 2889 1175 2937 rerba
1192 2886 1218 2934 ab

129 2962 198 3027 apud
218 2962 354 3010 Weitaium
373 2968 535 3011 annotantur.
569 2964 657 3010 Mure·
693 2962 1218 3013 editoribusemendaridebueruntiuns·

129 3047 170 3088 tus
183 3053 234 3086 are
246 3038 401 3100 gladiatoria
416 3037 544 3086 deducere
556 3038 655 3087 maluit.
694 3039 787 3087 nifesto
799 3038 869 3086 vitio.
903 3037 947 3085 lta
959 3038 1031 3086 euim
1044 3039 1153 3101 scripsit
1163 3034 1218 3086 baud

128 3116 258 3164 Boeolrrus.
693 3116 770 3164 dubie
788 3114 958 3176 Eugraphius,
971 3129 1034 3162 curn
1057 3116 1218 3178 praemisisset,

161 3192 189 3239 Si
200 3193 255 3239 licet
264 3191 337 3238 latere
346 3196 408 3239 tecto
418 3190 552 3253 abscedere]
569 3191 657 3239 Comi·
694 3206 761 3250 eum,
772 3191 831 3238 dnm
848 3190 931 3237 multa
943 3189 1121 3240 deliberando
1130 3189 1219 3254 querit,

128 3271 191 3314 nnat
205 3265 230 3313 in
244 3265 424 3328 Metapboraa
443 3280 470 3313 re
490 3267 604 3327 militari,
613 3264 656 3313 nbi
694 3266 811 3330 quaedam
824 3265 965 3325 invenisse,
977 3266 1031 3314 nou
1046 3268 1146 3328 placita
1156 3277 1219 3327 repn-

129 3355 219 3403 agmen
243 3340 380 3403 iniquitate
408 3340 460 3388 loci
482 3341 522 3387 rel
551 3355 656 3389 numero
693 3341 793 3390 diasse:
812 3348 897 3404 ‘post,
914 3339 941 3388 id
962 3340 1034 3405 quod
1056 3344 1093 3391 sit
1109 3342 1218 3405 optimum

128 3417 238 3466 hostiurn
256 3429 407 3478 oppressum
428 3415 461 3463 ab
478 3416 605 3464 alterutro
622 3417 657 3464 la·
694 3418 822 3466 iuvenisse
834 3431 862 3465 se
884 3416 957 3474 dicit,
975 3426 1006 3464 nt
1018 3418 1054 3465 ad
1069 3433 1097 3466 se
1117 3418 1177 3467 illud
1188 3429 1219 3463 ar·

129 3500 185 3541 tere
197 3493 238 3540 vel
251 3498 335 3553 tergo,
347 3491 372 3539 in
384 3490 483 3538 hastam
495 3497 539 3538 aut
556 3499 656 3540 scutum
694 3500 798 3555 gentum
813 3507 936 3542 revocare
952 3494 1050 3555 possit,
1061 3495 1133 3558 quod
1144 3494 1219 3544 amite

129 3583 157 3617 se
170 3569 296 3616 inclinare
307 3566 461 3629 solet,quasi
468 3564 578 3616 frontem
590 3568 657 3616 hosti
695 3569 753 3617 rat!
784 3569 1035 3632 Scilicet,qnantnm
1048 3571 1083 3618 ad
1094 3571 1219 3633 priuscou·

128 3644 277 3703 obvertere,
295 3641 410 3704 adeoque
424 3648 479 3689 tuto
499 3656 530 3689 ac
551 3642 657 3691 bouesto
695 3645 789 3705 silium,
804 3644 872 3707 quod
884 3644 910 3691 iu
928 3645 1033 3692 irritum
1046 3655 1122 3695 'nunc
1133 3645 1220 3695 recide·

130 3729 237 3785 receptu
249 3720 393 3770 discedere.
411 3719 554 3770 Farnobius.
695 3721 749 3769 bat.
760 3721 845 3769 nullus
856 3720 898 3768 iric
909 3725 1055 3782 armento
1064 3721 1148 3772 loeus.
1174 3721 1220 3768 Bo·

161 3797 294 3859 tiliolum]
314 3795 443 3844 Praedam.
464 3796 625 3859 Eugruplrias.
694 3796 777 3844 clm.

164 3875 265 3923 Craoior
281 3873 356 3920 bolam
374 3875 466 3920 tuntum
482 3871 657 3934 mibiereptrms
728 3875 757 3920 ll
776 3871 841 3920 luno
859 3871 921 3920 iden
941 3870 1087 3931 frigidm
1108 3877 1222 3935 man

130 3955 179 3999 lom
189 3950 269 3999 desub.
285 3963 297 3998 e
309 3945 443 4008 saucibus]
461 3946 493 3993 V.
511 3947 609 4010 Guyet.
630 3954 659 3997 et
694 3945 783 4008 tumm]
800 3947 897 3994 Omnes
918 3944 976 3994 fere
994 3947 1012 3994 1.
1032 3963 1062 3998 s.·
1075 3951 1140 3998 idern
1161 3949 1222 3998 illud.

130 4025 385 4088 Paroemiogrepbos.
419 4023 580 4085 Eupraphins
602 4036 659 4069 eru·
698 4021 817 4069 Faernus.

130 4098 204 4147 dite:
221 4107 228 4128 ⁴
240 4101 333 4148 Bolum
345 4116 352 4147 :
370 4097 502 4162 praedam?
521 4098 588 4146 uude
600 4097 660 4147 Cal·
730 4097 874 4157 Fugitiuron,
884 4097 938 4160 iro]
955 4097 1079 4161 Metapb.
1091 4100 1223 4149 dominata.

131 4172 272 4235 phemius:
288 4173 440 4223 ‘translatio
457 4174 489 4223 ab
502 4174 660 4236 animalibus,
697 4188 713 4222 a
730 4189 805 4224 seruo
821 4174 920 4225 scilieet
938 4172 1063 4236 fugitivo.
1084 4178 1179 4242 ‘quern
1189 4190 1222 4225 re·
