2676 4710
332 347 517 397 rannuru
542 346 712 398 sunnon.
735 346 820 396 scr.
840 347 873 395 v.
895 346 951 396 so.
968 347 1023 398 rx.
1139 332 1224 398 1291

123 495 228 556 pereat,
240 495 267 541 et
287 496 378 555 postes
394 489 443 540 fiat
460 504 510 540 non
522 491 656 554 perditus?
695 491 737 540 tis.
756 492 832 540 Idem.

124 567 249 616 Correxit
260 567 390 616 Parasitus
405 567 479 616 stulti
495 565 593 615 dictum
605 567 655 616 Mi·
693 600 694 605 =
725 566 1224 633 Festimtatem]Loetitiamzut,⁴Festi-

123 644 198 694 litis:
223 655 274 693 non
292 644 365 692 illum
384 649 521 706 perpetuo,
537 642 583 691 sed
602 642 656 691 sine
693 656 739 691 uus
751 643 806 691 dies
818 644 876 692 est.’
895 645 976 695 Idem.

120 719 206 768 dubio
225 719 344 783 perlisse,
363 718 468 782 opinari
487 716 655 780 respondens.
725 719 1223 783 Armipolrr'sfastios'talsmatsacr'lita·

121 808 177 845 non
197 801 239 844 est
257 795 325 844 enim
345 795 514 857 contrarium,
532 788 655 857 ‘Opiudr
693 794 752 857 tem]
782 795 871 845 Patris
890 798 967 860 hujus
991 813 1127 860 personam
1146 800 1224 849 solius

118 878 150 920 ..te
162 871 273 934 periisse
283 871 338 921 sine
346 870 444 929 dnbio,'
454 886 501 934 pro
513 877 586 921 certo
597 885 655 934 prr·
691 873 859 935 κπαστροφῆς
870 888 949 922 causa
961 873 1038 936 podte
1049 874 1159 924 induxit.
1176 876 1223 936 igi·

119 948 210 996 iisse:
228 946 403 998 confirmatur
412 948 520 1011 periise
530 948 616 1008 Miles,
626 953 655 997 nt
690 946 744 1004 tur,
760 963 817 1012 qum
833 948 905 997 intus
924 957 1034 1013 peracta
1051 959 1120 1008 sunt,
1131 952 1224 1003 merito

118 1029 185 1086 post
195 1026 272 1072 tanta
283 1037 387 1071 munem
399 1037 431 1071 ex
443 1022 581 1085 desperato
595 1037 655 1086 sup·
693 1022 827 1074 vocabulis
851 1027 1006 1091 καταστροφῇ
1033 1027 1224 1090 qrrndsmmoslo

118 1100 195 1162 pler,
205 1112 238 1146 ex
250 1098 367 1162 supplice
379 1100 481 1163 patiens
493 1100 580 1149 rivalis
589 1102 655 1150 exis·
693 1101 804 1162 propriis
816 1102 993 1152 celebrantur.
1010 1103 1140 1154 Boeclrm.
1163 1112 1167 1117 “

118 1179 175 1224 tat.
192 1175 269 1224 laem.
648 1200 651 1209 ›
727 1177 867 1239 Odupr'ter,
884 1193 960 1232 serra,
976 1180 1077 1240 oisemo,
1092 1181 1142 1228 lsaec
1159 1181 1226 1230 nobis
1308 1241 1310 1244 y

115 1278 120 1285 ·
143 1250 300 1300 ·Ss'usdsls‘o
318 1251 413 1316 opinor]
443 1252 566 1317 nepaspyla
582 1268 654 1302 mers
692 1251 762 1313 dona]
788 1252 819 1301 Id
832 1261 881 1316 est,
893 1255 1005 1311 Gallice,
1017 1255 1185 1318 Aprtsceloje
1194 1273 1224 1308 us

119 1335 164 1377 est
174 1328 285 1390 Donati,
291 1328 360 1392 qnod
372 1329 404 1378 de
415 1330 554 1378 emendata
565 1331 654 1379 militis
692 1329 804 1376 deruonde
814 1328 931 1389 pnes-teo
942 1331 957 1375 d
968 1330 1042 1378 Diea.
1060 1329 1153 1380 Faber.

118 1404 255 1454 locutione
276 1405 326 1454 lroc
343 1406 401 1454 loco
421 1405 580 1468 disquiritur.
602 1407 654 1455 sius
725 1408 756 1452 19
774 1403 952 1452 Sersaolsecro
963 1405 1090 1454 doecuobis
1101 1405 1171 1470 dono]
1188 1406 1223 1456 0.

117 1481 204 1543 dubio,
214 1481 304 1543 opinor,
315 1487 444 1544 perpetuo
459 1482 568 1543 periisti.
601 1496 654 1529 om·
691 1481 711 1529 l.
724 1494 745 1527 s.
757 1479 808 1527 dcc
819 1479 879 1527 bona
889 1480 964 1528 uobis.
982 1480 1104 1529 Faernus.

118 1559 184 1608 nino
197 1558 233 1606 ita
244 1572 301 1607 esse
312 1559 413 1621 opinor,
425 1565 454 1607 nt
465 1558 540 1607 dicis.
571 1573 655 1620 perpe·
725 1556 978 1618 Disestramfidem]
1013 1557 1224 1610 Citolutervenit

119 1639 163 1683 tuo
174 1634 262 1696 perire,
271 1635 371 1683 comica
382 1634 486 1683 locutio.
504 1636 632 1683 Boecleras.
693 1632 821 1689 Plu-andrie,
834 1639 927 1697 utpote
939 1633 983 1698 qui
995 1633 1064 1683 dorni
1075 1642 1143 1686 erat.
1171 1638 1222 1686 Bo-

156 1699 223 1764 Quid
238 1725 414 1760 commemorem
426 1710 542 1773 primam]
567 1710 654 1759 asard-
691 1715 771 1762 notro.

115 1799 191 1848 ’ρησις
201 1786 325 1847 oratoria,
334 1784 469 1834 familiaris
479 1786 654 1835 laudantibus.
690 1819 693 1826 ι
724 1793 757 1838 20
776 1789 837 1845 ΟΜ
847 1789 967 1853 omos]
983 1789 1094 1839 Nimius
1111 1789 1222 1840 affectus

121 1862 238 1911 Cicero:
256 1862 273 1890 ·‘
286 1863 361 1911 Unde
383 1862 464 1925 igitur
484 1862 571 1924 potius
591 1864 655 1912 inci·
690 1863 717 1912 in
730 1872 863 1929 utramque
875 1871 977 1929 partem
994 1863 1114 1915 defectus
1125 1867 1223 1916 oratio·

116 1938 190 2001 piam
201 1937 220 1987 l'
244 1938 303 1988 Hoc
314 1940 401 1987 autern
413 1937 453 1998 fit,
469 1939 513 1987 nbi
525 1939 611 1988 omnia
624 1946 652 1989 et
690 1941 729 1987 uis
747 1946 833 1989 amat:
858 1948 900 1991 est
917 1956 981 2005 ergo
1002 1939 1122 2004 {nespas
1147 1943 1223 1992 deest

116 2015 478 2077 magnasidentnretparis.
495 2015 587 2065 Donat.
690 2014 758 2064 enim
773 2017 879 2066 Gaudeo.
897 2016 982 2067 Idem.
1103 2050 1105 2054 ι
1147 2049 1150 2054 ·

153 2094 185 2139 15
204 2090 308 2140 Illumne
322 2092 363 2155 qui
374 2091 432 2139 milri
444 2091 653 2154 dediscousr'lium]
719 2097 750 2144 21
769 2094 837 2144 Satis
846 2096 926 2158 credo]
950 2090 995 2146 Sic
1006 2096 1058 2145 dici
1070 2103 1134 2146 nota
1143 2111 1222 2161 agen-

119 2165 652 2226 AttribuunturPersonisconsilia,facta‚
690 2169 761 2217 tibus
774 2171 850 2220 solet.
884 2170 968 2220 Recte
989 2171 1070 2234 igitur
1087 2174 1146 2222 huic
1158 2174 1223 2223 dici·

117 2257 206 2298 casus,
218 2248 246 2291 et
257 2244 398 2293 orationes.
416 2269 419 2273 ·
432 2244 501 2306 Ergo
513 2244 555 2292 hic
565 2246 653 2294 lauda·
690 2250 742 2301 tur,
754 2246 796 2295 cui
807 2247 873 2295 liunt
885 2248 994 2310 nuptiae,
1007 2251 1117 2309 gaudeo:
1141 2256 1168 2298 et
1178 2250 1222 2298 ille

118 2327 163 2370 tur
191 2320 324 2369 eonsilium
352 2319 531 2383 Parmenonis,
553 2319 652 2371 factum
688 2321 725 2370 sic
745 2323 894 2384 respondet,
915 2328 945 2370 ut
962 2323 1051 2370 amicis
1070 2323 1222 2385 grntrrlsnti·
1313 2324 1317 2331 '

117 2397 491 2460 Chaereie,casus·Fortun'ae,
511 2395 606 2458 idest,
625 2411 653 2445 c·
688 2397 915 2461 brrsdecet,Sotis
925 2401 1002 2448 credo.
1038 2400 1116 2448 Credo
1133 2405 1221 2450 erstem

116 2479 232 2524 ventus:
247 2471 425 2521 oratioSenis.
441 2472 517 2518 Idem.
643 2489 647 2505 ¹
688 2464 757 2538 ide'o‚
767 2475 828 2539 quia
845 2476 919 2525 multi
936 2490 963 2525 se
974 2474 1076 2539 fingunt
1087 2477 1221 2540 gratulari,

152 2549 235 2606 norm,
244 2547 355 2611 primiti
364 2547 588 2611 deditcousilr‘nm]
584 2548 652 2598 Tria
689 2565 766 2615 qurum
777 2551 930 2603 rnvrdeant
946 2551 1069 2616 gaudere,
1080 2566 1158 2617 quum
1175 2552 1220 2602 do·

117 2625 434 2686 snntsnvrtshoruruum,
446 2624 651 2687 consulmssem,
688 2627 769 2677 leant.
787 2627 865 2677 idem.
991 2665 993 2671 .

117 2715 266 2752 successus.
282 2701 586 2756 Consilium‚dn1mrest
598 2699 652 2750 fac·
723 2702 795 2750 Niriz
809 2701 950 2752 sstTlsas'de
965 2703 1009 2751 lucc
1022 2656 1222 2767 fratertssudig-

117 2785 187 2839 turn,
209 2776 342 2841 corporis:
366 2789 511 2837 successus,
530 2775 651 2827 fortunas.
688 2779 742 2827 nius
744 2778 935 2842 quadraretur]
948 2781 1014 2831 Quae
1028 2780 1113 2843 possit
1124 2781 1220 2830 delrcs

117 2854 196 2902 Idem.
265 2875 268 2885 ·
689 2857 741 2918 tior
760 2869 815 2903 esse
834 2855 1221 2918 verbornmcollocatio‚etism

152 2930 240 2995 ssim]
256 2929 445 2979 Parmenonem
459 2928 568 2977 scilicet.
586 2929 625 2978 Id.
643 2938 646 2946 ’
690 2929 716 2978 in
729 2930 813 2978 soluto
825 2931 961 2978 sermone?
977 2930 1016 2979 its
1030 2945 1101 2990 mox,
1116 2932 1221 2981 ‘curte

152 3012 186 3057 16
203 3006 405 3069 Fortunam,dpc.]
417 3005 481 3056 Qum
493 3007 500 3033 ‘
511 3020 597 3054 rerum
606 3007 651 3054 hn—
690 3010 751 3067 ergo
762 3006 787 3053 in
796 3005 836 3052 lris
848 3020 896 3066 ego
906 3006 1043 3067 conspicor
1052 3007 1221 3068 regionibus?

117 3097 254 3136 manarum
264 3081 441 3138 domina,’&c.
458 3083 513 3132 Cic.
524 3083 651 3146 proMar-
690 3080 766 3131 Quod
784 3081 864 3128 semel
877 3079 920 3128 hic
938 3080 1085 3144 attingitur.
1100 3085 1221 3147 exempla

117 3161 196 3213 cello.
215 3161 297 3212 ⁴Quae
315 3160 342 3208 in
362 3159 415 3207 vita
425 3160 539 3208 humans
556 3166 652 3209 utram·
684 3157 718 3204 ,in
729 3162 819 3204 nostro
830 3161 959 3218 perpetus
971 3165 1039 3208 sunt.
1056 3160 1187 3211 Boeclerus.

118 3252 172 3304 qne
191 3235 257 3286 facit
276 3237 408 3300 paginam,
427 3250 512 3284 rerum
532 3242 651 3298 accepta·
723 3236 754 3281 28
773 3232 915 3281 llls'lris'llam
927 3233 1020 3296 laudas]
1035 3234 1139 3286 Scilicet
1151 3251 1220 3286 ama-

116 3320 418 3376 rum,ct'expensarum.
434 3312 503 3360 Plin.
529 3311 636 3361 Farnsb.
691 3310 741 3360 tori
752 3310 816 3374 ejus.
844 3310 879 3358 Et
890 3309 949 3358 milri
960 3313 1171 3374 pronuntiatione
1177 3315 1219 3377 ju-

119 3405 121 3409 ·
152 3395 184 3442 17
211 3391 274 3447 Qsoe
290 3394 327 3438 tot
345 3387 396 3451 res]
429 3389 514 3450 Bene,
536 3388 580 3437 Tot
598 3403 651 3449 res,-
692 3387 802 3436 vandum
814 3392 865 3436 est.
882 3386 1028 3437 Donatus..

117 3468 193 3534 qnasi
215 3464 464 3528 dicat,·Eunuchum
486 3478 532 3526 pro
545 3479 595 3528 quo
607 3464 652 3513 dn·
723 3464 806 3514 Perii:
822 3468 908 3526 quanto
926 3463 1004 3512 minus
1020 3463 1073 3526 spei
1091 3470 1135 3525 est,
1151 3470 1220 3515 tosto

83 3534 86 3539 ’
118 3551 232 3600 ceretur,
260 3541 507 3592 commendationem
537 3541 652 3604 uirginis,
689 3541 769 3603 magis
788 3538 852 3601 amo]
869 3539 921 3588 Hic
945 3553 1006 3588 vero
1029 3548 1069 3588 est
1088 3540 1163 3589 ardor
1180 3543 1218 3590 in·

117 3617 265 3671 absentiam
277 3617 434 3673 meretricis.
443 3616 603 3665 occasionem
616 3618 660 3668 vi.
688 3617 852 3668 senissimnsr
868 3621 898 3664 nt
907 3615 1041 3677 Virgilius,
1051 3621 1059 3661 ⁸.
1069 3617 1219 3666 Formosum

117 3693 149 3749 tii
170 3694 308 3754 inferendi,
327 3693 411 3757 patris
430 3693 605 3741 interventum
624 3693 651 3741 in
683 3702 781 3759 ,pastor
798 3691 919 3755 Corydon
933 3691 1042 3741 ardebat
1052 3691 1157 3755 Alexin,
1167 3695 1220 3743 De·

117 3771 370 3837 mopsuostenum.
688 3771 761 3819 licias
777 3766 892 3816 domini!
926 3768 961 3815 Et
978 3766 1098 3830 profecto
1114 3770 1152 3818 sic
1170 3778 1220 3832 est,

151 3852 184 3898 ls
195 3848 236 3897 As
244 3847 290 3895 snei
298 3840 553 3909 pcndssests'citatem]
564 3843 650 3892 Etiam
689 3845 827 3908 Sapientes
848 3857 895 3904 spe
917 3844 1029 3892 maxime
1050 3845 1082 3893 ad
1105 3859 1219 3895 amorem

118 3926 196 3977 Patri
204 3924 260 3973 laus
272 3920 445 3984 impartienda
456 3928 505 3968 est.
530 3933 588 3967 nam
600 3934 649 3968 non
689 3928 830 3983 coguntur:
843 3917 916 3966 stulti
929 3917 1012 3967 forma
1024 3927 1133 3969 tantum.
1144 3922 1218 3973 ldens.

118 4008 179 4053 erat
198 3999 383 4052 transeundum
406 3996 651 4060 Persarumque
721 3995 784 4055 Hui,
800 3993 860 4042 milri
870 3993 936 4040 illam
947 3993 1041 4056 laudm]
1058 3996 1155 4045 Eadem
1166 3996 1219 4047 for·

118 4077 267 4129 etlestirns
276 4074 452 4125 Amatorinon
462 4071 650 4137 obstitit,quod
689 4087 731 4122 rna
749 4067 887 4118 sententie
906 4068 932 4115 in
949 4066 1076 4131 Adelphis
1087 4086 1130 4121 ru.
1142 4078 1166 4122 4.
1177 4077 1219 4125 85.

118 4141 224 4219 ignovit
238 4158 268 4201 nt
282 4149 382 4199 facilis:
408 4149 476 4198 unde
487 4149 614 4208 festivitas
624 4151 650 4202 in
691 4153 698 4178 ⁶
713 4145 880 4211 Vigilantiam
897 4150 967 4195 tuam
985 4152 1013 4195 tu
1028 4147 1089 4198 milri
1100 4150 1218 4200 narrasi'

120 4232 212 4289 dictis,
223 4228 335 4288 facilitas
350 4240 412 4277 vcro
423 4225 450 4276 in
462 4227 546 4276 animo
558 4233 586 4277 et
598 4227 651 4281 far·
690 4225 819 4277 Boeanrus.
1174 4247 1176 4250 -
