2670 4702
264 311 445 358 rauau'rrr
469 273 634 360 sostris.
656 310 740 359 nor.
763 313 812 359 ιν.
835 314 887 360 so.
911 313 960 362 ιν.
1069 302 1155 366 1469

53 451 249 517 expectarent.
269 468 321 518 quo
339 454 420 503 sorbo
439 453 588 515 magnitudo
627 467 709 502 nexas
729 454 797 502 itlius
813 456 955 509 orationis:
978 454 1046 506 ‘Illa
1068 459 1154 508 exors·

54 528 155 576 doloris
174 528 321 577 ostenditur
344 545 376 577 ex
398 529 535 593 improviso
552 530 589 578 in·
628 537 691 587 mat,
704 531 744 579 abi
758 531 883 594 abijam,’
896 537 945 581 dcc.
957 534 1013 597 quis
1025 535 1092 583 eninr
1105 550 1154 586 nnn

55 602 204 655 commodo.
224 605 299 654 Idem.
629 604 711 667 videt,
730 607 786 655 baec
804 606 837 656 ad
853 607 962 669 primam
977 609 1157 672 interrogatio·

90 684 108 728 1
129 681 165 728 Ut
182 694 256 742 neque
273 680 329 743 qaid
349 681 504 748 mesariam]
527 681 589 730 Plus
628 694 687 729 nem
709 688 736 729 et
754 696 828 743 paene
845 691 1015 744 conspectum
1033 685 1155 748 AEscbini,

55 762 111 816 est,
131 756 189 818 quid
206 755 360 814 mesariam:
379 771 464 821 quam,
482 759 538 820 quid
547 757 590 817 fo·
630 752 1003 822 surripiaesepsoedsingeri?
1014 770 1156 824 necpostes

56 828 130 878 ciuem
164 829 232 878 lllud
245 832 312 878 enim
323 830 355 879 de
367 832 459 880 rebus:
482 832 539 894 boc,
558 832 590 880 de
629 834 736 881 multum
748 833 878 882 addidisse
889 851 974 897 antrm,
985 843 1156 900 praeterquam

55 905 117 969 ipso
131 904 231 955 bomine
241 905 402 968 intelligitur.
420 908 493 956 Idem.
629 905 743 969 ejusdem
753 908 1087 969 reprehensionisvocabnla
1096 927 1102 958 r
1112 909 1157 959 ab·

92 981 147 1034 Nec
157 983 214 1043 quid
224 995 304 1043 agorn,
319 987 408 1030 certum
418 981 475 1042 siet]
494 983 591 1030 Certum
630 987 708 1042 rupta
718 980 808 1029 itidem
821 983 934 1030 clausula
946 984 1075 1032 ostendit:
1087 985 1156 1032 ‘Va·

56 1056 117 1118 siet,
134 1069 181 1118 pro
196 1061 285 1104 eertum
300 1056 342 1104 sit.
363 1056 411 1104 nisi
429 1055 509 1117 forte,
526 1055 590 1120 ‘ut,'
630 1057 693 1115 less,
711 1056 807 1104 babeas
827 1057 895 1105 illam
914 1073 973 1122 qum
991 1057 1095 1120 placet!
1111 1058 1158 1108 sed

57 1145 131 1193 quarn
143 1129 279 1193 significet.
295 1131 370 1180 Idem.
520 1140 523 1145 ’
630 1145 679 1180 nec
699 1131 736 1179 rei
750 1146 796 1180 nec
815 1146 930 1193 personas
947 1134 1068 1182 convenit
1084 1133 1157 1183 fami·

93 1210 108 1254 8
128 1205 482 1267 nemorumnemorum,
498 1210 591 1258 unimus
630 1206 717 1255 liarius
737 1213 796 1270 post
818 1207 875 1256 lsaec
887 1208 976 1270 jurgia
993 1208 1158 1272 colloquium.

57 1281 146 1330 timore
156 1280 281 1344 obstipuit]
301 1281 376 1330 Metu
388 1282 484 1344 patris:
499 1283 591 1332 timore
629 1282 734 1331 Sciebat
746 1282 879 1330 AEsctriuus
891 1292 993 1346 tempus
1003 1282 1158 1347 propinquae

60 1356 180 1419 divortii.
196 1357 273 1407 Idem.
631 1360 808 1424 partitudinis,
820 1366 848 1410 et
859 1362 884 1409 in
901 1360 928 1409 id
947 1362 1033 1410 animo
1044 1361 1158 1409 intentus

94 1436 110 1481 1
130 1433 243 1495 Pectore]
259 1430 335 1496 Agel.
346 1433 363 1483 l.
375 1446 434 1483 xrx.
446 1448 469 1483 c.
478 1439 501 1484 1.
511 1435 519 1462 ‘
529 1434 593 1484 Visa
631 1443 704 1496 ernt;
717 1437 783 1485 viam
796 1451 897 1500 quoque
907 1437 939 1485 sd
951 1436 1101 1486 obstetricis
1113 1437 1158 1485 do·

62 1507 153 1570 animi,
166 1521 227 1569 quas
243 1505 374 1568 φαντασίας
386 1508 520 1570 appellant
531 1508 592 1557 Pbi-
630 1527 699 1561 mum
709 1512 846 1561 ducentem
864 1512 987 1563 institisse
999 1526 1075 1561 snum
1088 1512 1158 1561 ride·

60 1586 175 1649 insopiti,
197 1599 248 1635 non
271 1586 412 1636 voluntatis
433 1591 493 1636 sunt
509 1601 592 1651 neque
630 1587 685 1637 bat.
701 1603 751 1638 non
763 1588 831 1637 aliud
849 1603 911 1652 ergo
925 1587 1079 1638 affectus-et
1091 1589 1158 1639 ratio

61 1662 176 1724 arbitrii,
187 1661 232 1710 sed
248 1661 273 1710 si
284 1661 394 1725 quadam
411 1676 458 1710 sua
475 1661 593 1710 inserunt
631 1662 750 1726 subjecit,
760 1663 828 1726 quod
841 1671 970 1727 quaereret
987 1663 1072 1726 potius
1084 1677 1117 1712 ex
1128 1663 1159 1713 il·

61 1752 119 1788 sese
127 1736 281 1800 bominibus,
289 1736 406 1800 adeoque
416 1736 527 1785 motibus
539 1736 593 1800 qui·
631 1739 664 1787 la.
683 1753 740 1802 qum
753 1754 810 1787 cum
825 1739 857 1787 ad
869 1739 917 1789 boc
929 1739 1032 1804 quidem
1045 1739 1107 1788 nibil
1118 1754 1158 1789 re-

62 1812 173 1863 busdam
195 1813 291 1875 rapidis
311 1813 406 1861 tollunt
424 1818 536 1861 mentem
559 1810 592 1860 de
631 1812 782 1875 sponderet,
803 1815 1008 1863 criminaautem
1023 1814 1159 1878 objiceret,

62 1887 181 1949 cardine,
199 1895 278 1952 atque
294 1886 405 1937 officium
417 1887 524 1936 rationis
535 1900 593 1935 rer·
632 1902 662 1935 sc
674 1902 702 1936 se
714 1888 860 1950 corriperet
872 1903 948 1951 porro
957 1890 989 1938 ad
1000 1889 1102 1939 domum
1114 1890 1160 1939 ob'·

63 1961 296 2021 tunt.'‚Furaubr'us.
631 1964 745 2012 stetricis
764 1964 828 2013 irata
845 1964 996 2028 dolensque,
1009 1980 1041 2014 ex
1054 1981 1082 2015 re
1094 1981 1160 2030 pne·

99 2039 220 2101 Quomodo
241 2055 278 2093 ιε
298 2055 330 2090 ec
345 2041 389 2090 too
411 2043 493 2105 ecped.
512 2041 594 2104 turbo]
631 2039 699 2087 senti
711 2039 800 2102 utique
813 2050 980 2102 cognoscere,
995 2041 1058 2104 quid
1069 2055 1159 2105 agere·

63 2114 150 2168 Ossam
169 2115 303 2177 describit,
318 2123 345 2166 et
362 2131 448 2166 secum
464 2117 520 2180 ipse
532 2131 593 2167 con·
632 2119 684 2174 tur,
696 2114 829 2163 AEsctriuus
841 2116 935 2178 potuit.
952 2117 1083 2167 assuras.

64 2190 192 2255 queritur.
204 2191 297 2253 culpae,
311 2206 387 2255 quarn
399 2194 524 2255 agnoscit,
534 2207 593 2256 par·
627 2226 631 2231 -
667 2191 715 2239 Ubi
725 2205 776 2240 eum
786 2190 848 2254 ridi]
871 2191 938 2240 Sunt
953 2192 997 2256 qni
1009 2191 1108 2242 addunt
1119 2208 1161 2241 sn·

64 2265 113 2314 tim
122 2264 241 2314 obtentui
252 2264 302 2314 fuit
314 2263 424 2314 officium
437 2266 463 2315 in
475 2264 594 2327 fratrem,
632 2278 763 2327 pervacue
783 2266 860 2314 banc:
876 2273 904 2315 st
921 2267 1023 2332 legunt,
1042 2268 1102 2316 banc
1120 2268 1162 2316 ubi

63 2339 121 2402 (cni
143 2339 344 2388 succurrendum
362 2338 453 2401 fuisse,
466 2355 499 2389 ne
516 2356 557 2390 res
568 2343 594 2390 in
632 2339 692 2387 uidi.
709 2339 837 2388 Donatus.

64 2428 125 2467 enm
135 2414 218 2463 locum
231 2414 337 2475 rediret,
349 2419 377 2462 ut
388 2413 409 2462 si
418 2428 505 2463 omnes
517 2429 595 2478 cupe-
664 2414 825 2477 thomplsilo
843 2415 900 2477 quid
918 2419 993 2475 agot:
1003 2414 1059 2475 jam
1077 2422 1162 2478 portus

63 2495 127 2541 rent
146 2489 209 2538 nibil
227 2490 250 2539 ei
264 2496 368 2553 possent
381 2489 540 2552 auxiliarier,
554 2505 595 2539 su·
632 2486 722 2550 odsiet]
754 2489 889 2541 Amatoria
910 2490 1091 2552 interrogatio,
1110 2505 1161 2554 qua

64 2579 115 2629 pra
135 2563 272 2628 ostendit,)
291 2565 385 2629 partim
406 2564 488 2628 pudor
503 2566 596 2629 patris,
633 2571 760 2615 monstrat
782 2565 917 2628 AEschinus
944 2580 1013 2616 curae
1036 2567 1085 2617 sibi
1105 2581 1162 2617 esse

64 2643 111 2705 qui
131 2643 326 2690 cunctationem
338 2646 366 2690 et
378 2641 479 2690 diversa
490 2640 597 2691 consilia
633 2655 673 2690 res
682 2655 778 2691 omnes.
796 2640 871 2689 Idem.
1131 2668 1134 2673 ·

66 2716 167 2773 attulit.
185 2715 316 2764 Boeclerus.
363 2759 368 2767 ,
629 2738 633 2758 τ
666 2720 698 2765 10
714 2717 763 2764 Illa
782 2713 911 2778 exclamat]
947 2716 1006 2766 Non
1027 2721 1152 2781 respondet

98 2798 114 2840 5
131 2790 323 2854 ,NunsmpicioJ
351 2791 433 2840 Modo
449 2789 597 2839 ostenditur
634 2793 678 2842 sad
690 2795 816 2843 exclamat.
828 2794 863 2842 Et
873 2792 941 2842 bene
952 2793 1002 2841 vim
1015 2793 1117 2843 addidit
1128 2795 1161 2843 ad

64 2882 147 2918 causa
165 2867 349 2930 trepidationis
365 2867 486 2916 AEscbini.
504 2867 597 2916 Donat.
634 2869 848 2918 exclamationem
871 2867 962 2916 sitisse.
996 2869 1065 2930 Ergo
1082 2882 1098 2917 a
1119 2883 1162 2918 vo·

100 2947 116 2993 7
135 2942 173 2993 Id
183 2957 243 2993 anns
261 2943 320 2991 milri
333 2943 448 2991 indicium
456 2941 530 3004 serit]
544 2941 597 2989 ttts
634 2945 672 2993 cis
683 2958 746 2992 sono
757 2943 895 3002 exclamat,
904 2955 954 2990 non
966 2956 981 2989 a
993 2943 1088 2991 verbis.
1106 2943 1144 2991 ld.

65 3033 134 3069 anus
156 3019 197 3067 cui
217 3018 334 3067 Sostrata
355 3018 467 3080 dixerat,
487 3017 597 3078 ‘Curre,
666 3018 772 3080 Abi,obs‘
783 3018 837 3078 jons
848 3017 975 3066 AEsoln'rts:
992 3016 1163 3075 sotisdiuoer-

64 3092 236 3153 obstetricem
249 3090 369 3141 accerse?
386 3091 460 3141 idern.
634 3092 846 3155 dodedistissobis]
863 3093 952 3157 Usque
960 3092 1022 3141 dum
1034 3091 1162 3156 intellige·

101 3168 181 3232 Anus]
199 3169 335 3220 Cantlrnra.
352 3166 495 3216 Farnobium
578 3200 586 3215 -.
634 3185 730 3221 remus.
747 3170 824 3228 Idem.

100 3245 401 3304 8Nomutbincsorteeo
412 3243 599 3294 odobmetrr’cem
667 3250 697 3295 ll
717 3244 760 3295 Sat
776 3245 852 3293 adbuc
874 3250 916 3294 tun
931 3259 975 3293 scos
987 3243 1109 3304 frustrata
1127 3250 1163 3295 est

66 3331 123 3374 erut
148 3323 231 3386 misso]
252 3322 394 3387 ¹Apparet,
419 3323 490 3373 inter
510 3328 598 3373 cetera
626 3320 704 3388 sudes]
720 3323 807 3386 Usque
817 3321 879 3370 dum
891 3320 1065 3384 deciperetur.
1086 3320 1161 3371 Idem.

68 3400 264 3462 anumdixisse,
278 3399 311 3448 ad
322 3400 487 3450 obstetricem
500 3413 528 3448 sa
539 3399 598 3447 mis·
668 3401 699 3446 12
717 3397 790 3457 Horu,
809 3397 866 3459 quid
876 3395 943 3447 a‘stuc
957 3395 1050 3444 obstem
1068 3394 1163 3458 isquam

66 3491 140 3526 sam:
162 3489 195 3537 an
216 3476 284 3524 ultro
311 3475 368 3524 bmc
389 3472 534 3538 suspicatus
556 3478 599 3523 est
635 3473 683 3537 est]
701 3475 772 3532 Hem,
783 3473 933 3536 interjectio
944 3479 984 3523 est
994 3487 1073 3523 novas
1084 3486 1125 3521 rss
1135 3479 1163 3521 et

68 3549 224 3600 AEecbinus?
243 3551 297 3600 dinc
317 3558 404 3600 autem
415 3549 545 3612 addendo,
556 3563 598 3599 os·
634 3551 780 3614 inopinatas
793 3549 932 3599 audientis.
948 3550 1022 3600 Idam.

70 3627 156 3677 tendit
172 3643 201 3677 se
217 3636 277 3677 ante
296 3626 364 3676 fores
381 3628 507 3677 Sostratae
520 3631 599 3676 stare.
671 3628 770 3678 Valens:
794 3626 880 3675 babeas
892 3625 970 3688 illum]
993 3624 1075 3678 Quasi
1090 3639 1162 3675 rece·¹

70 3712 101 3755 nt
111 3705 249 3767 alibi‚‘Ex
262 3705 352 3755 Andro
362 3704 537 3767 commigravit
548 3704 599 3753 buc
635 3702 680 3752 dat
702 3711 730 3752 et
752 3704 828 3766 longe
849 3701 927 3751 absit.
946 3708 976 3750 ut
996 3701 1022 3749 in
1044 3699 1162 3760 Andria,

72 3780 197 3830 viciniae!
220 3783 341 3831 nonno.
550 3798 552 3803 ·
583 3806 588 3821 ι
635 3780 643 3808 ⁸
654 3779 768 3828 Valeant
779 3778 823 3842 qui
834 3777 903 3826 inter
916 3791 963 3825 nos
973 3774 1106 3824 dissidium
1118 3774 1162 3822 vn'·

104 3860 129 3904 8.
142 3859 166 3904 9.
177 3861 209 3904 10
230 3858 265 3905 Ut
276 3856 400 3914 Mnofisrte
410 3858 441 3904 od
451 3854 599 3904 obstetricem
635 3852 710 3903 lunt.'
726 3854 802 3901 Idem.

70 3931 213 3993 erotmbsn,
227 3931 279 3993 tro]
306 3932 440 3980 Donatus:
461 3928 600 3992 {Apparet
630 3971 632 3975 ,
668 3931 700 3978 lt
717 3926 840 3989 Gurrulae]
857 3927 1040 3990 Utpoteanus.
1055 3925 1148 3975 Idem.

72 4007 162 4070 inter,’
182 4011 232 4056 &u
271 4005 330 4054 Hoc
349 4005 477 4069 posterius
499 4010 599 4052 tantum
628 4026 631 4034 ν
670 4003 853 4066 Gorrtsta,tsc.]
875 4001 968 4050 Taceri
982 4000 1051 4066 qrrod
1067 4001 1162 4049 risne-

72 4084 158 4132 locum
170 4082 257 4138 babet.
277 4096 336 4130 narn
354 4081 375 4129 si
394 4080 472 4143 prius·
481 4079 544 4127 illud
558 4093 599 4128 su·
636 4079 699 4130 mini
710 4078 789 4128 dicas.
805 4092 837 4126 ne
849 4076 949 4126 mulieri
964 4076 1077 4141 quidem,
1087 4077 1128 4127 cui
1139 4078 1163 4127 si

70 4174 139 4216 mas,
151 4160 256 4223 perierit
275 4157 357 4210 omnis
373 4156 457 4221 gratia
471 4162 500 4206 et
512 4155 559 4220 vis,
573 4146 601 4204 et
638 4153 699 4218 quid
706 4153 859 4219 nmraveris,
866 4153 915 4204 lsoc
923 4152 973 4209 erit
982 4152 1051 4219 quod
1061 4153 1098 4204 ait
1110 4153 1162 4203 Aa·
