2676 4710
290 315 471 366 suasuris
496 314 665 365 ausuum.
687 317 768 364 eor.
794 317 818 363 r.
841 317 893 366 so.
919 319 959 366 rr.
1073 302 1174 381 ¹'1185‘

32 518 36 524 .
64 470 220 514 usnemun
233 457 440 508 Dr-tsexsrem:
457 457 609 508 redte-enm:
640 458 961 522 quamiuritusubsuedut.
976 461 1094 527 Donatus.

63 547 130 583 nos.
148 533 338 592 Hoc-absoipts.
356 535 433 584 Idem.
613 590 616 596 ἡ
672 535 703 584 Iu
716 535 758 584 tou
775 535 872 588 misum
885 537 957 586 i'iuir
974 536 1038 600 ouis]
1054 536 1182 593 Aeuom.

103 612 155 659 106
170 609 316 658 Faciundum
335 611 450 673 estquod
468 608 516 672 uis]
541 610 608 661 Nos·
639 610 694 660 tiro
711 619 787 660 utens
808 627 870 662 cusu
891 614 1021 678 expressit
1044 614 1167 669 amatoris

65 685 133 748 quod
152 689 254 748 oportet,
273 684 318 734 sed
346 688 406 748 quod
427 685 601 747 eradicando,
639 686 842 748 impatientiamt
859 690 965 740 Biduum
984 690 1082 754 diceus,
1101 706 1170 754 prus·

54 761 180 817 „mitum
196 760 298 809 addidit
313 761 438 825 obsequio
456 775 510 810 suo.
527 762 601 812 idem.
638 762 746 825 scripsit
755 764 788 812 de
801 772 927 828 tempore.
960 767 996 815 Et
1015 768 1069 816 ouie
1087 768 1168 831 majo·

80 836 193 886 ‘'Merits
209 853 262 886 omo
275 839 312 902 te]
326 839 399 887 Bene
416 838 509 886 amoris
529 852 601 887 men·
638 849 691 886 rem
716 838 766 887 vim
786 840 865 890 hebet
882 855 915 890 ex
930 841 1019 893 dolore
1031 842 1167 893 diseedere-

67 912 169 963 neuen
187 912 219 962 sd
239 913 417 963 sui'erendaus.
427 915 606 978 suspicionem.
637 913 681 975 tis,
693 929 767 977 quiam
780 915 902 980 obsequio
911 919 1057 968 salutantis.
1073 919 1149 968 rum.

67 995 237 1053 contemptus
248 990 379 1040 Piraedriue
390 989 461 1040 iecit.
477 992 552 1041 ldem'.
669 992 716 1037 lll
734 990 855 1053 Numquid
877 993 914 1040 oie
929 993 995 1042 uiiud
1013 992 1094 1057 moue,
1110 995 1172 1060 ise}

98 1063 259 1129 Bese'sseis]
275 1066 305 1115 in
325 1067 538 1116 cousuetudinem
556 1081 600 1116 ve·
635 1064 713 1129 Apud
726 1068 847 1119 Plautum
860 1069 1048 1135 Amphitruone
1058 1088 1077 1124 1.
1088 1079 1163 1124 eid.

66 1141 119 1204 uit,
144 1143 211 1192 Bene
220 1143 294 1204 suuis,
316 1150 344 1193 et
364 1142 526 1206 benefecisti,
546 1158 598 1194 nus
635 1145 785 1210 ‘Numquid
797 1148 849 1195 risi
864 1148 912 1198 An
922 1154 1018 1199 utoum
1028 1151 1110 1201 absim
1122 1164 1169 1200 ms

61 1218 211 1282 jndiesntis
226 1233 293 1282 esse,
309 1219 355 1269 sed
373 1220 471 1283 gratias
486 1221 596 1284 agentis.
634 1234 713 1282 ames,
731 1236 772 1270 me
800 1228 870 1272 tuum
898 1224 1031 1275 absentem
1058 1226 1166 1276 tumen!

67 1295 146 1345 iden.
179 1294 184 1311 ’“
208 1323 214 1333 ·
596 1320 601 1335 ι
634 1296 767 1348 liuderus.

90 1366 478 1436 ·Beuesuois]-Nonjudirantis
494 1378 539 1421 aut
550 1387 596 1435 sp·
666 1375 699 1422 Ei
710 1380 753 1424 tu:
765 1377 878 1438 numquid
888 1376 925 1425 m's
938 1378 1015 1443 uliud]
1036 1380 1094 1428 Vuis
1104 1380 1164 1429 rob·

64 1446 212 1510 prebeatis,
236 1447 284 1496 sed
306 1449 401 1509 pretias
426 1448 527 1510 agentis
547 1462 596 1511 pro
634 1449 788 1499 erudiendum
808 1453 996 1503 suintotorium.
1028 1455 1163 1505 Etsubin·

63 1521 156 1573 obtato
175 1519 261 1573 offinio
280 1521 399 1572 ioruruiu.
416 1523 455 1571 sie
478 1523 596 1584 Benigne.
633 1525 802 1587 teiiigendum
823 1535 864 1576 est
886 1536 946 1591 posi
965 1531 1079 1579 osculum
1099 1530 1162 1594 diei,

64 1598 154 1662 Epist.
176 1602 201 1646 7.
220 1599 239 1646 l.
262 1612 282 1648 r.
300 1597 394 1648 Horat.
410 1598 503 1661 ‘Pytis
524 1598 598 1647 vesei.
630 1601 778 1666 ‘Numquid
787 1605 824 1653 ris
834 1605 1014 1670 aliudi’quasi
1023 1615 1095 1657 recte
1105 1606 1161 1657 iae·

63 1673 595 1737 Celeberjubeiieospes...veseeresodes.
632 1683 696 1728 tum.
718 1680 838 1737 Donatus.

63 1749 140 1814 Καρ.
155 1749 356 1802 Jemsstisest.
389 1751 498 1813 Hospes:
515 1749 593 1801 Attu
664 1759 711 1803 112
729 1756 789 1803 Cum
800 1757 875 1804 milite
888 1756 946 1819 isio]
974 1757 1161 1813 lutubenead.

62 1833 196 1890 qnantum·
207 1827 246 1877 uis
268 1829 340 1878 tolie.
370 1829 440 1890 Resp.
457 1827 594 1890 Benigne!
630 1828 722 1892 ditum,
740 1833 814 1894 quasi
828 1831 934 1894 odioso;
954 1840 982 1882 nt
995 1833 1066 1895 alibi,
1083 1834 1159 1885 ‘iam

64 1901 209 1971 Pometiae
244 1911 247 1915 ’
334 1931 337 1934 -
629 1919 691 1954 vero
705 1906 913 1970 mitte,Derneu,
929 1916 998 1957 tuum
1015 1909 1091 1958 istam
1109 1910 1161 1960 iru-

95 1982 144 2028 titt
168 1979 221 2029 Rus
233 1977 285 2044 iio]
310 1979 346 2028 Et
368 1979 418 2028 hoo
441 1978 593 2029 amatorium
630 1979 769 2030 oundisrn.'
801 1982 836 2030 Et
847 1982 940 2045 Virgii.
956 1981 1031 2033 ‘Aut
1042 1984 1103 2048 quid
1113 2000 1157 2048 pe·

62 2064 113 2120 ost,
130 2057 215 2108 odisse
235 2058 327 2108 urbam
344 2057 499 2108 siueamiea.
533 2058 592 2109 Nee
630 2054 664 2104 tis
679 2053 784 2104 istisi’
818 2057 883 2107 Haeu
912 2059 981 2108 enirn
1008 2064 1158 2124 pronomina

62 2132 141 2197 dixit,
155 2133 164 2162 ⁴
176 2131 218 2183 tsi
229 2147 275 2183 ero
285 2133 309 2183 2'·
321 2133 376 2189 sed,
395 2135 404 2163 ⁴
416 2133 458 2182 Ibi
480 2134 528 2183 hoc
550 2146 592 2182 me
628 2132 774 2192 spernentis
784 2140 852 2190 sunt,
863 2133 1001 2200 odiumque
1014 2144 1162 2188 menstruo-¹

60 2209 200 2261 macerabo
219 2209 342 2260 biduum}
366 2209 591 2259 Pronuntiandum
629 2207 671 2257 tis.
691 2209 769 2258 Idem.

48 2284 284 2349 ,sstbidsrrmesi
291 2284 398 2335 dixisset
408 2286 522 2336 biennio.
540 2287 593 2335 Du.
660 2283 880 2350 Potentissimis]
897 2287 1044 2350 Κακόζηλον.
1063 2291 1139 2340 idem.

60 2366 148 2411 satum!
172 2388 176 2399 ι
260 2383 266 2395 ·
660 2361 781 2423 Proreus,
803 2363 897 2424 absens]
914 2365 983 2412 Dido
1003 2363 1077 2426 virg.
1097 2364 1161 2413 AEu.·

93 2439 143 2484 tes
158 2416 293 2496 itii-smero
313 2441 403 2486 emtum
420 2437 468 2501 est]
493 2438 533 2487 Ex
553 2439 596 2491 iris-
627 2450 667 2485 ιν.
690 2438 786 2486 ‘Ilium
808 2437 900 2485 absens
919 2437 1052 2488 absentem
1072 2439 1156 2490 undit-

60 2518 172 2574 apparet
183 2512 279 2577 serbis,
288 2527 364 2577 quern
375 2513 424 2564 sibi
432 2520 531 2564 amator
541 2516 591 2566 ison
628 2526 678 2577 que
690 2512 832 2577 videtque!
853 2513 993 2565 ferruchius.

47 2588 264 2652 ‚segestrupereu
281 2589 357 2639 idem.
659 2589 1155 2658 lliliiedesideres]eieore=qniup1ns

81 2698 84 2703 .
91 2665 150 2715 Mu
158 2667 274 2726 gerendus
283 2670 320 2714 ert
332 2666 431 2729 Timidi]
452 2667 517 2717 Cum
529 2683 587 2728 pro.
626 2670 666 2710 est
677 2677 764 2712 amore
776 2665 942 2718 desiderium.
960 2669 1079 2719 Douutus.

58 2741 223 2789 nuntiatione
239 2747 267 2788 et
288 2749 380 2803 gestu:
406 2748 435 2788 ut
457 2742 588 2804 ostendat,
657 2743 705 2789 lli
722 2741 882 2804 Memmius,
898 2746 1062 2808 mesopontus]
1083 2745 1152 2795 'Eru-

58 2829 117 2879 quue
134 2815 177 2865 'ris
199 2815 293 2864 umoris
311 2815 356 2878 sit,
374 2822 404 2865 ut
421 2814 517 2865 Thaidi
534 2830 588 2865 mos
624 2817 714 2880 mpopi
730 2819 820 2881 prima.
853 2820 918 2868 Cum
937 2834 1023 2868 amere
1041 2830 1069 2869 et
1085 2822 1153 2874 desi-

58 2899 176 2954 gerutur.
192 2891 268 2941 Idem.
625 2892 716 2941 derare
739 2892 773 2941 sit
792 2895 941 2956 voluntatis,
966 2901 1043 2956 atque
1061 2898 1152 2944 etium·

68 3001 71 3005 -
90 2972 140 3018 tto
156 2967 311 3026 Huosouiiii
319 2967 478 3031 meritur]
500 2969 587 3019 Eunu·
623 2970 827 3033 nnmobsequii:
838 2971 1043 3031 somniaremus
1053 2980 1152 3020 amato-

57 3045 122 3095 cirus
144 3052 171 3095 ei
199 3046 301 3107 anciila,
327 3044 436 3107 figurate
460 3045 520 3094 ilii:
541 3045 587 3095 red
623 3044 662 3093 rie
674 3044 832 3094 dictumest.
849 3046 925 3094 idem.

57 3122 185 3184 praeuniet
204 3135 285 3185 genus
301 3121 478 3170 masculinum.
504 3120 586 3170 Adduo
657 3123 703 3169 115
721 3121 764 3168 Me
786 3118 878 3182 speres]
904 3120 970 3168 Cum
989 3133 1027 3169 me
1045 3125 1158 3183 expectes·

56 3200 152 3259 mter,
170 3210 230 3260 pru,
249 3196 371 3245 adducito
385 3210 438 3245 eos.
471 3197 506 3244 Et
518 3195 586 3245 bene
618 3196 673 3258 jam
683 3196 788 3257 dixerit,
804 3194 865 3259 quid
883 3195 932 3245 sibi
945 3197 1000 3245 vuit
1010 3197 1152 3248 iterumme

56 3270 191 3335 adjectum
210 3277 262 3334 est,
273 3286 307 3320 ne
319 3271 406 3321 dilutis
416 3271 450 3320 ob
462 3272 586 3321 retentio·
622 3277 716 3335 speres?
733 3273 809 3321 Inter
820 3285 893 3335 spem
904 3280 931 3321 et
942 3273 1150 3336 expectationem

55 3363 114 3398 uem
132 3349 291 3412 muneribus,
307 3363 358 3399 non
377 3351 531 3413 procederet
543 3366 585 3401 ue·
622 3347 672 3398 hoe
691 3348 817 3398 interest:
835 3348 896 3413 quia
914 3349 1045 3412 expemmio
1066 3356 1152 3399 certo·

56 3432 100 3475 tus
118 3424 223 3488 tabule,
245 3433 282 3474 ets
293 3425 368 3474 simui
387 3426 447 3489 quia
466 3426 586 3477 absentie
622 3438 678 3473 rum
695 3430 751 3474 est:
767 3439 821 3488 spes
837 3439 898 3474 uero
914 3425 1082 3475 incertorum.
1114 3426 1150 3474 Et

55 3500 184 3552 Piraedrie
205 3516 271 3566 opus
293 3509 344 3563 est,
365 3501 427 3551 dum
447 3516 494 3565 per
511 3503 585 3553 Cirae·
621 3501 752 3564 expectatio
761 3501 960 3566 propinquarum
969 3517 1070 3550 rerum:
1091 3501 1152 3564 Spes

55 3577 287 3628 reamiadificstur
297 3578 433 3627 meretrix.
449 3566 526 3627 Idem.
621 3577 827 3642 longinquarum.
860 3579 896 3628 Et
913 3579 1054 3641 Iispmiutio
1070 3577 1149 3628 desti·

87 3652 301 3717 liiiuddmuster]
309 3652 445 3703 Eunuchus
455 3652 585 3703 etAEthio-
621 3659 667 3703 nat
678 3661 780 3718 tempus
791 3671 798 3704 ι
817 3654 878 3718 Spes
888 3668 939 3703 non
950 3655 1074 3704 destinat.
1086 3654 1148 3703 Ani

43 3731 134 3794 pisse.
153 3731 296 3780 Furruiius.
619 3742 743 3792 mesperee
751 3729 916 3788 idemfueere:
927 3729 954 3779 id
965 3738 1013 3787 eut,
1024 3729 1057 3779 de
1068 3736 1094 3779 te
1104 3744 1147 3780 co·

87 3810 137 3856 110
154 3807 187 3857 le
196 3807 241 3857 ios
251 3805 584 3869 ttmmrmsmu11iuue
621 3803 721 3866 gitare:
739 3812 768 3854 ut
778 3805 812 3853 sit
825 3819 913 3868 speres,
929 3804 1036 3854 credas:
1055 3812 1084 3855 ut
1094 3811 1147 3854 sta·

52 3883 105 3931 ouis
114 3882 263 3934 abscessum
274 3881 409 3945 significet,
427 3898 478 3932 non
490 3885 584 3933 saluta·
621 3879 668 3928 tim
684 3879 710 3928 iu
722 3879 833 3929 subditis
851 3881 983 3930 invenies:
996 3882 1078 3930 ‘Nam
1090 3882 1146 3944 ejus

53 3957 165 4008 tionem:
185 3972 245 4006 nem
264 3956 373 4007 timere
392 3957 515 4007 salutatio
532 3964 583 4021 est,
619 3953 727 4004 fratrem
735 3970 813 4020 spero
817 3955 1062 4020 jampropemodum
1070 3971 1146 4021 repe·

53 4031 132 4084 biduo
146 4035 240 4084 soium
262 4033 370 4088 smieuru
392 4034 480 4085 ruisse
499 4040 583 4098 optet.
621 4031 700 4081 risse!
717 4031 793 4081 idern.
1152 4068 1154 4073 .

52 4109 103 4158 Sed
112 4110 282 4173 prescribere
288 4117 405 4174 conatur,
415 4116 511 4177 quanto
519 4119 583 4160 tem·
652 4109 695 4158 Me
713 4107 854 4171 mothrim]
871 4107 1000 4172 Septimus
1017 4123 1090 4158 uasru
1101 4125 1152 4160 mes

52 4197 116 4252 pore
125 4183 317 4242 instiusmodi,
332 4196 360 4236 et
371 4187 446 4248 simui
455 4187 581 4247 ostendit,
621 4184 704 4236 idem.
1162 4213 1163 4216 =

116 4265 207 4330 Daiei.
217 4270 243 4316 et
253 4263 310 4316 Ver.
320 4265 384 4316 cius.
521 4288 522 4291 ¹
556 4268 649 4318 Termi.
1024 4265 1080 4315 ii*
