2670 4702
116 313 202 381 1384
278 364 281 372 .
472 324 580 374 ΝΟΜ
604 324 803 376 venturust
828 326 868 376 ΙΝ
914 348 917 353 ’

118 475 162 523 die
170 470 370 521 adversusillum
379 458 644 536 dicerepossianood
682 469 786 534 quidem
798 469 824 518 id
833 474 919 520 moret
929 469 1009 534 iilius,
1020 483 1091 534 suge
1102 471 1211 536 rjosepi·

116 548 143 598 io
153 548 236 612 prime
246 544 379 595 Comoedia
388 550 444 592 est:
461 545 551 594 ‘Melo
562 545 645 595 divise
682 545 794 609 trionem,
806 546 930 597 confitere
947 562 980 596 ex
998 555 1027 596 te
1040 559 1094 596 uon
1106 561 1164 596 csse
1173 562 1210 598 oa·

116 631 176 674 suot
187 622 235 673 tibi
247 619 500 684 temporibusbtec;‘
518 634 577 669 orm
589 634 646 683 grs-
683 628 746 672 tum.
780 622 892 673 Occulte
911 631 1010 684 autem,
1027 631 1056 672 nt
1078 627 1208 687 sequentis

117 700 247 750 vissimum
258 704 348 747 contra
360 697 529 748 oeconomiam
540 697 646 748 Fehulre
682 699 789 760 uocem,
799 700 954 750 eontrarium
969 698 1073 764 εἰρωνείᾳ
1096 708 1209 762 penetra·

117 770 646 839 porcetumoseqmdegoprimnsosten·
683 775 728 824 bili
748 777 874 838 signetur.
916 775 1061 838 Confitere,
1089 775 1111 824 si
1134 781 1207 838 potes,

117 849 287 909 do.,Quippe
308 847 376 896 tenda
396 848 540 899 resciscere
561 850 647 914 potnit
683 850 762 900 illium
778 858 850 901 tuem
867 867 917 902 non
936 866 1005 915 esse,
1016 854 1063 918 qui
1076 853 1208 916 reingerio

117 928 234 976 Sostrsta
253 922 427 985 Clitiphonem
444 925 572 988 suspicari
590 938 647 975 esse
683 933 711 976 at
722 927 834 976 moribus
845 942 962 991 prorsum
973 928 1066 979 refert.
1102 928 1209 991 Cumque

53 1046 56 1053 .
118 1016 146 1051 se
165 1000 311 1050 subditum?
331 999 399 1049 Nam
414 1000 491 1050 modo
508 1000 535 1049 id
546 1001 646 1050 consilii
682 998 801 1072 Sostrate
818 1003 852 1052 nd
870 1004 988 1068 id‚quud
1007 1009 1066 1053 eret
1086 1002 1111 1052 in
1133 1003 1209 1052 verbis

117 1076 191 1127 dedit
199 1075 295 1139 Syrum
311 1081 339 1125 st
351 1075 431 1140 Syrus
443 1090 475 1124 ex
488 1089 519 1125 eo
529 1083 647 1139 tempore
684 1080 779 1144 potius,
799 1094 875 1144 quent
896 1080 927 1129 ad
948 1079 985 1142 id,
1005 1080 1076 1145 quod
1099 1074 1124 1128 iri
1141 1094 1209 1130 semu
1239 1122 1240 1126 ,

117 1153 260 1203 Sostratum
273 1150 411 1201 nonvidit.
433 1151 549 1216 Clitipho
560 1153 647 1201 s'utem
683 1156 799 1218 suberat,
826 1157 996 1221 responderet
1023 1156 1210 1216 sbuminoudo;

118 1230 275 1280 edesruucn
284 1227 370 1278 odibit
379 1228 426 1277 nisi
435 1228 648 1293 acenesequeuti.
684 1233 771 1296 pergit
792 1232 915 1283 Chremes
933 1247 1007 1282 suem
1033 1232 1142 1282 ironiam
1160 1246 1211 1296 per.

117 1306 161 1357 lbi
178 1307 216 1356 sic
231 1321 288 1357 aem
300 1306 459 1369 elloquetnrr
470 1307 485 1354 ‚⁴
496 1307 524 1355 st
535 1318 649 1370 uuquam
684 1308 802 1366 tendere,
812 1323 843 1359 ec
851 1309 1021 1373 interpretari
1031 1323 1038 1356 r
1058 1307 1155 1372 ‘ouidi
1165 1320 1210 1356 me·

119 1385 199 1433 ullum
211 1382 458 1446 britternpus,'&c.
476 1383 564 1433 Faber·
685 1385 746 1447 tuis,
765 1399 797 1433 ne
819 1399 880 1446 non,
899 1399 958 1434 cnm
982 1385 1057 1445 velis,
1080 1383 1210 1433 convinces

150 1459 296 1511 Subditum!
311 1459 404 1521 siste}
427 1458 649 1509 Comedmiratio·
685 1475 743 1510 esse
763 1461 835 1510 illum
858 1461 958 1510 tormi'
991 1461 1054 1525 quid
1078 1475 1212 1524 repugnes,

119 1550 161 1599 ue,
170 1537 216 1586 sed
231 1551 330 1599 serere,
340 1541 368 1586 et
382 1535 581 1586 contradicendi
595 1546 650 1585 stu·
685 1538 747 1603 quid
756 1538 929 1587 abominatio?
940 1552 992 1586 non
1001 1537 1084 1587 debes
1092 1545 1213 1600 metuere,

119 1613 163 1663 dio
174 1615 299 1669 excitata,
310 1613 362 1662 dici
373 1613 439 1675 bueo,
450 1614 583 1676 responsio
595 1629 649 1666 rue·
686 1615 787 1663 etiamsi
806 1628 873 1663 nunc
891 1613 974 1672 dices,
993 1628 1046 1662 non
1066 1628 1124 1662 esse
1139 1613 1213 1663 filium

118 1697 200 1740 trooae
209 1692 647 1753 monstretmogneseseverotioue:
685 1697 768 1751 tuum,
780 1690 840 1754 quin
860 1697 951 1752 postea
969 1696 1067 1751 terren,
1087 1700 1139 1752 qrro
1155 1689 1214 1738 telis

118 1766 221 1829 ‘certe
230 1768 343 1832 inquam,
355 1766 390 1815 rui
400 1765 455 1815 uir!
473 1767 600 1816 Boeolertss.
686 1774 805 1831 ternpore
818 1767 912 1831 probeo
924 1773 951 1816 et
963 1767 1104 1816 convincas
1116 1767 1213 1816 omuino

151 1842 289 1905 Seruum]
313 1842 494 1903 Subdititinm,
510 1843 649 1906 suppositi·
686 1859 743 1894 esse
753 1844 841 1894 filium.
874 1844 966 1892 Potest
982 1844 1051 1892 enim
1063 1851 1092 1892 et
1102 1844 1145 1893 hic
1155 1842 1213 1892 ferri

119 1919 383 1980 ttomenoeonpoue.
402 1918 545 1968 Foruobius.
686 1921 782 1970 usitato
810 1921 899 1969 lectio.
946 1920 1053 1983 Excipit
1082 1921 1216 1983 Sororem

154 1997 225 2044 Certe
234 1996 269 2044 sic
279 1995 339 2056 erte]
356 1995 433 2047 Quod
444 1996 469 2043 in
481 1994 650 2059 fotorodioit,
687 1995 748 2059 quid
764 1997 802 2045 ita
821 1996 869 2044 huc
892 1996 975 2045 dicis?
1000 2009 1034 2044 en
1054 1995 1146 2059 ‘quod
1165 1995 1215 2045 filia

120 2071 215 2119 ‘certe
225 2071 263 2120 sic
275 2070 342 2133 erit‚’
354 2070 529 2120 confirmando
544 2072 650 2137 idquod
688 2080 728 2121 est
749 2072 878 2122 invente?
904 2087 963 2136 quoe
985 2071 1082 2135 probet
1105 2087 1153 2120 rne-
1169 2086 1215 2120 noo

116 2147 171 2210 jem
185 2147 211 2195 io
224 2147 347 2209 presenti
364 2145 442 2208 dixit,
457 2146 608 2197 ‘subditum
621 2163 650 2198 se
687 2148 803 2198 sterilem
818 2147 906 2209 ferisne,
917 2162 1001 2212 neque
1015 2149 1086 2198 eden
1100 2162 1168 2212 opus
1178 2148 1215 2196 lu·

119 2224 282 2287 auspicetur:
307 2223 381 2288 hujus
408 2223 545 2272 locutionis
570 2224 652 2274 mults
689 2225 825 2282 boisse,nt
840 2226 873 2274 de
890 2225 1061 2289 supponendo
1078 2240 1161 2289 puero
1177 2240 1215 2274 nu·

116 2299 171 2362 jem
183 2300 304 2364 exemplu
321 2306 439 2349 veterum
456 2298 610 2350 sddusinus
625 2301 651 2350 in
690 2315 766 2365 qnsm
778 2302 930 2364 cogitarem.
947 2301 1072 2351 Sometnr
1084 2303 1155 2352 enirn
1166 2317 1216 2352 sen·

121 2377 254 2440 Eunucho,
265 2391 344 2441 super
355 2390 492 2426 eoverstm
515 2377 652 2432 ‘Verbum
688 2391 743 2438 sus,
759 2376 803 2441 qui
819 2385 859 2425 est
876 2377 1026 2438 simplicior,
1045 2379 1217 2442 Sostrateque

119 2452 267 2504 bercleboc
278 2467 367 2503 uerum
378 2452 446 2502 erit?
463 2454 578 2504 Fuimus.
690 2451 1025 2516 ingeniosccommodstior.
1042 2454 1217 2504 ManetChre·

154 2535 185 2580 18
204 2532 464 2596 Commentariorum
475 2533 539 2595 esso]
551 2533 655 2597 Arripit
690 2542 745 2577 mea
762 2529 789 2576 ln
809 2529 904 2577 acerbe
926 2543 970 2576 sus
992 2528 1125 2590 irrisione,
1145 2537 1172 2579 et
1188 2528 1217 2576 etl

122 2607 285 2656 occasionem
305 2620 385 2656 senex
405 2608 535 2671 erumpunt
549 2609 575 2657 iu
592 2623 655 2657 uxo·
690 2603 747 2652 hnc
766 2605 854 2653 uxoris
877 2603 954 2653 verbs
975 2603 1076 2655 refert:
1102 2620 1154 2655 noo
1175 2607 1217 2654 hoe

123 2697 193 2731 rem:
218 2682 264 2730 sed
287 2682 381 2731 acerbe
403 2689 431 2731 et
448 2683 570 2734 violente.
603 2685 656 2735 Ubi
692 2679 759 2741 dico,
776 2680 822 2728 sed
842 2678 912 2728 eliud
930 2678 1024 2728 fortius
1042 2689 1217 2745 argumentum

123 2758 172 2806 hoc
184 2771 244 2805 vere
256 2756 367 2818 κωμικὸν,
379 2757 447 2822 quod
460 2772 492 2807 ex
501 2772 530 2806 re
540 2767 604 2810 nats
614 2775 657 2810 ou·
692 2754 834 2818 probandae
845 2753 1001 2816 Wtbrmot
1009 2756 1035 2804 lu
1045 2759 1134 2806 auimo
1142 2758 1218 2819 voltu,

123 2834 245 2884 oriuntur
255 2833 463 2884 ister-decutere
473 2837 568 2886 morosi
578 2838 655 2887 neuris
692 2838 720 2880 el
738 2830 828 2895 ‘quod
848 2831 928 2893 mugit
946 2831 1107 2882 credendum
1122 2834 1218 2896 eiet‚ub

124 2916 188 2960 note
198 2910 303 2959 minime
312 2910 337 2959 in
349 2909 460 2960 obscuro
468 2920 517 2962 est.
543 2914 656 2964 Sensus:
692 2908 719 2957 id
728 2909 796 2972 quod
805 2915 847 2957 est
858 2908 1000 2982 consimilis
1011 2909 1139 2960 moribus·
1158 2911 1218 2960 Nem

123 2987 244 3037 tussire
264 2986 381 3049 inprimis
400 2992 484 3050 potes,
503 2988 657 3038 strbditnsne
692 2984 731 3034 tui
750 2983 832 3047 probe
854 2991 894 3033 est
910 2983 1025 3045 similis3’
1041 2986 1168 3050 quicquid
1184 2992 1219 3034 est

125 3063 160 3112 sit
172 3077 204 3111 en
221 3061 385 3112 veruriilius.
417 3064 452 3112 Et
464 3065 485 3112 si
497 3065 558 3128 quid
571 3079 657 3126 secus,
692 3061 718 3109 ln
735 3061 792 3123 ipso
812 3060 878 3116 vitii,
899 3060 979 3109 etiem
999 3060 1024 3108 iu
1043 3067 1070 3109 te
1087 3061 1215 3112 cernitur:

125 3152 200 3202 queam
212 3152 259 3201 per
270 3144 321 3199 est,
329 3139 436 3202 eccidit,
445 3154 497 3188 nou
509 3141 654 3191 abhorrete
693 3137 701 3165 ‘
713 3151 772 3184 uem
784 3135 823 3184 illi
834 3135 891 3185 vitii
899 3136 961 3183 nihil
973 3143 1013 3184 est
1025 3137 1157 3202 relictum,
1165 3137 1220 3202 quio

124 3213 176 3263 tuis
187 3212 299 3262 moribus
310 3214 656 3278 suspicioimpostnrne‚eosa·
693 3215 727 3262 sit
738 3220 766 3262 ct
777 3212 845 3260 idem
859 3211 926 3261 tibi!
942 3213 1054 3276 (Siquid
1068 3214 1111 3263 bic
1125 3213 1221 3264 insititii

118 3289 192 3354 fitero
208 3295 275 3338 tuum
292 3305 340 3338 noa
355 3305 413 3339 esse.
448 3291 516 3340 Haec
531 3291 588 3341 lere
604 3293 654 3347 ulii.
692 3296 742 3349 est,
760 3289 827 3337 ltunc
845 3290 935 3337 seltrm
953 3302 1055 3337 versum
1067 3290 1184 3352 credam,
1195 3296 1221 3338 ot

126 3365 193 3415 lllihi
208 3366 270 3414 nibil
285 3366 382 3414 certius
394 3366 505 3429 videtur,
516 3382 592 3432 quem
604 3368 654 3416 uim
690 3365 809 3428 glossam,
824 3363 977 3428 adjectum.)
1005 3366 1076 3416 Hinc
1091 3382 1155 3432 ergo
1167 3375 1175 3398 ⁴
1185 3367 1220 3417 fe·

125 3441 201 3505 hujus
211 3443 335 3491 orationis
355 3443 381 3491 in
401 3443 611 3505 pronuntiatione
627 3451 656 3493 et
691 3440 741 3489 otte
761 3439 909 3500 convinces,
929 3453 963 3487 ex
986 3445 1014 3489 te
1036 3455 1096 3489 esse
1118 3440 1221 3492 osten!

126 3518 201 3566 vultu
224 3517 388 3581 querendam
411 3532 482 3578 esse;
510 3524 539 3567 ut
560 3518 656 3569 dixerit
691 3519 740 3568 Cui
757 3524 808 3567 tam
825 3517 956 3566 invidiosae
969 3519 1167 3579 exprobrationi
1179 3519 1222 3568 im·

125 3592 249 3643 Chremes
269 3594 341 3643 vultu
360 3594 440 3655 serio,
458 3595 587 3645 sententie
605 3597 658 3645 iro&
690 3600 814 3655 muretus,
839 3592 923 3642 denuo
939 3590 1036 3641 infert:
1058 3595 1136 3642 ‘tum
1158 3609 1221 3658 pre·

126 3667 656 3736 nice,,pronuntiationeinterutrnmque
691 3676 763 3718 terea
785 3669 879 3729 telem,x
892 3669 941 3717 nisi
963 3677 1003 3731 tu,
1022 3671 1093 3718 nulla
1120 3676 1223 3734 pareret

63 3804 67 3814 Ι
127 3745 224 3806 medio,
241 3743 435 3809 corsfitroasststuus
456 3761 503 3794 usn
520 3761 579 3798 esse.
613 3749 657 3798 lte
691 3745 790 3796 fitium!
819 3745 912 3794 Tolera:
933 3754 987 3794 tom
1004 3747 1139 3809 vitiosum,
1159 3749 1223 3798 siout

127 3823 194 3869 enim
206 3820 312 3870 eludere
323 3828 400 3883 peret
413 3821 536 3871 Chremes
552 3837 584 3873 ex
596 3838 657 3873 nec·
691 3836 770 3872 scena
781 3835 834 3886 seq.
845 3821 1010 3871 describitur.
1034 3823 1168 3873 Boeclerus.

127 3897 234 3960 opiusto
245 3896 376 3960 objectum
387 3896 436 3946 sibi
448 3898 479 3947 eh
491 3912 571 3948 uxore
581 3900 656 3950 terri·
727 3898 848 3964 Confitere
857 3903 925 3946 tuum
933 3913 980 3946 nun
994 3899 1055 3963 esse]
1094 3900 1225 3949 Confitere

128 3975 311 4023 colementum.
350 3972 414 4022 Plus
435 3981 522 4024 sutem
544 3975 656 4040 intelligi
693 3976 915 4039 itequeenmesse
928 3973 1103 4024 subdititium.
1131 3977 1226 4026 Furat-

128 4049 193 4108 vult,
204 4063 279 4112 quem
291 4047 379 4097 dicere
390 4048 510 4100 videtur:
529 4051 556 4100 iu
566 4060 657 4116 operto
693 4051 754 4100 mos.
1011 4084 1014 4089 ,

129 4121 208 4183 euim,
224 4129 345 4187 tunquam
356 4138 390 4172 ex
401 4122 473 4189 vi'scili
480 4125 576 4189 jubere
588 4128 657 4177 vide·
702 4129 791 4178 *Istuc
818 4126 921 4176 ministris
953 4125 1012 4188 siet]
1057 4125 1228 4192 Impreeutio.

88 4204 91 4220 ¹
129 4202 186 4261 tur3
202 4196 448 4262 emfitersluumos
461 4215 527 4252 asser
543 4203 656 4268 quendu-
694 4204 774 4257 Ouid.
801 4203 947 4255 ‘Hostibus
972 4203 1098 4255 eveniet!
1132 4205 1231 4257 Horat.
