2676 4710
173 332 260 403 toto
519 345 632 419 nomn
650 342 850 396 vsntonun
873 344 914 394 ru

173 488 243 540 onim
253 485 341 537 venire
359 485 484 550 impulsus
499 491 549 549 est,
559 486 602 550 qni
619 484 695 535 daret
763 486 842 535 Metti
852 501 867 536 a
878 485 1005 551 Chryside]
1015 486 1097 536 Metuo
1107 486 1175 536 idam
1185 485 1258 549 dico,

174 561 487 617 conmaofficiumsoceri.
519 561 594 610 Idem.
692 582 695 591 ·
732 561 776 626 qni
796 562 857 611 miii
879 563 926 626 ipsi
947 563 1042 627 aliquid
1067 562 1181 613 facturus
1203 570 1255 613 ast.

203 645 235 690 tt
255 638 353 688 Unicum
365 643 464 699 gnatam
477 637 554 700 mam]
572 635 696 686 Abundat
732 636 811 687 Timeo
821 638 851 687 ab
860 638 909 701 mo,
919 639 992 701 cnjus
1009 653 1086 688 causa
1096 653 1199 702 possum
1210 639 1257 688 ali·

173 714 276 781 quidam
287 728 361 776 mam,
379 715 425 763 sed
444 720 530 763 tamen
548 728 695 764 asseveran-
733 712 794 776 qnid
805 713 865 762 mali
876 715 940 776 pati.
951 715 1029 764 etiam
1045 715 1066 763 si
1077 715 1133 778 ipse
1149 714 1212 764 nihil
1228 715 1256 763 in

173 790 379 840 ausentium.
733 803 774 838 rne
784 790 845 837 mali
855 792 983 840 consulat.
1015 791 1089 839 Idem.

209 864 422 927 Unioamgmotcm]
439 864 506 916 Quid
514 866 536 914 si
546 865 624 915 trodio
631 865 695 914 mni·
764 865 863 914 Metain
873 865 1001 930 Chryside]
1016 865 1166 928 'Apxmopdo
1182 867 1259 915 Idem.

173 949 259 995 torum
268 943 394 993 filiorum?
410 949 439 992 at
448 944 558 993 unicam.
574 944 648 993 Idem.
765 947 796 992 80
818 944 871 992 Um
880 945 962 992 oderrd
974 943 1100 1008 frequens]
1117 946 1155 994 Ut
1174 958 1262 1006 supra,

206 1023 238 1069 rt
256 1019 315 1068 Cum
330 1020 384 1068 doto
399 1017 500 1080 sommo]
516 1018 586 1071 Quid
597 1019 618 1067 si
635 1033 695 1081 pau·
733 1019 818 1068 ‘Corn
835 1019 927 1082 quibus
942 1026 997 1068 erat
1012 1035 1121 1083 cumque
1139 1034 1199 1081 una,
1217 1020 1258 1068 hia

175 1107 225 1159 per
235 1099 276 1143 est
287 1095 297 1142 i
312 1101 340 1143 at
349 1108 407 1143 cnm
418 1095 479 1143 dote
490 1108 596 1142 summa.
614 1095 687 1142 idem.
734 1107 791 1143 sese
801 1093 913 1143 dedere?
947 1095 1022 1144 Idem.

207 1175 238 1219 75
263 1170 370 1232 Placuit]
395 1171 459 1219 Cum
480 1171 697 1234 pronuntiatione,
765 1169 857 1218 Aderat
878 1170 1001 1233 frequens]
1025 1171 1164 1219 Possumus
1190 1170 1260 1220 enim

173 1248 269 1312 pmcait
285 1249 368 1298 ldem.
735 1245 834 1307 adesse,
856 1254 884 1296 et
904 1245 1051 1311 frequentes
1074 1261 1125 1295 non
1151 1260 1217 1306 esse,
1238 1247 1261 1293 si

208 1323 317 1387 Piderit]
332 1323 461 1386 turranio:
479 1324 544 1374 adeo
562 1324 628 1374 bona
639 1339 697 1374 con·
735 1330 877 1385 praesentes
895 1336 945 1371 non
962 1322 1122 1370 adiraerenms
1140 1321 1261 1384 1111,ᾳυί-

176 1398 241 1449 ditio
251 1399 312 1463 fnit,
328 1407 357 1449 ut
368 1402 484 1466 quamvis
495 1402 564 1450 uitro
575 1402 700 1464 objicere·
735 1397 782 1447 bus
798 1398 926 1447 adsumus.
958 1400 993 1446 Et
1005 1397 1124 1460 frequens,
1140 1404 1170 1446 nt
1186 1397 1261 1446 miles

176 1480 228 1539 tur,
240 1481 325 1525 tamen
337 1479 425 1528 statim
436 1480 559 1542 placeret.
592 1480 666 1529 Idem.
737 1475 897 1539 spndsigna.
933 1477 1006 1525 idon.

181 1551 341 1616 ..Dupoodfl
364 1555 406 1602 Ex
433 1556 514 1603 veteri
539 1569 620 1616 more,
648 1570 700 1619 quo
769 1551 922 1600 ulemadar
941 1567 988 1601 nno
1000 1552 1087 1614 funus]
1108 1553 1198 1611 Fenus,
1220 1557 1263 1600 ett

176 1629 320 1693 spondebat
331 1632 408 1680 etiam
420 1633 540 1694 petitorio
549 1640 624 1695 pater
635 1647 643 1682 ς
655 1646 701 1680 un.
738 1639 833 1689 pompa
843 1626 1007 1688 exequiarum
1017 1643 1024 1674 :
1035 1625 1132 1676 dictum
1145 1642 1161 1675 a
1170 1625 1265 1675 funali·

177 1702 560 1768 desponsmetsporrsodicitur.
594 1708 668 1757 Idem.
738 1702 795 1754 bns.
834 1703 939 1753 Etenim
966 1710 1045 1752 noctu
1080 1701 1264 1764 efferebantur,

210 1781 343 1845 Despondi]
360 1784 477 1846 Proprie.
502 1784 701 1847 Namdespon.
739 1785 849 1840 propter
862 1791 992 1826 sacrorum
1009 1778 1208 1828 celebrationem
1225 1778 1265 1827 di·

178 1869 209 1905 so
220 1856 392 1921 dicitur‚quia
402 1860 498 1921 spondet
507 1860 600 1921 puelia
611 1865 700 1922 pater:
739 1866 837 1902 urnam·
869 1854 944 1902 Idem.

177 1932 309 1996 despondet,
320 1933 502 1983 adolescentis.
535 1934 611 1982 Idem.
772 1929 877 1978 Curabat
887 1929 1023 1993 amfanas]
1038 1932 1076 1980 Ut
1086 1945 1137 1980 non
1150 1931 1266 1995 potuerit

180 2020 200 2041 ·-
211 2008 263 2058 Hic
277 2008 355 2057 dictas
369 2012 404 2056 est
419 2008 481 2071 dies]
499 2009 592 2058 Utrum
608 2010 704 2059 consti.
740 2003 767 2052 in
778 2003 892 2067 exequiis
903 2005 992 2053 videre
1004 2012 1114 2068 patrem.
1130 2006 1206 2055 Idem.

178 2083 270 2133 tutus?
287 2082 447 2132 audicatus?
462 2090 500 2145 ut,
511 2084 705 2135 ‘innoniinfen
773 2081 864 2144 Fumat]
881 2082 1025 2131 Funebrem
1041 2098 1170 2147 pompam,
1186 2098 1266 2147 appa-

179 2157 416 2208 nardictussacer.'
449 2159 523 2208 Idem.
609 2186 612 2193 -
741 2162 835 2216 ratum,
854 2156 934 2205 ritus:
951 2157 1012 2205 vide
1024 2157 1065 2205 tit.
1085 2158 1175 2219 Funus,
1185 2157 1211 2206 in
1223 2158 1268 2206 ln·

178 2264 185 2285 s
212 2237 245 2283 76
260 2234 326 2289 Quid
340 2235 416 2284 obstat
432 2250 475 2284 car
493 2251 539 2284 noa
554 2251 616 2286 osroe
625 2237 703 2302 flant]
742 2231 799 2282 dice
811 2241 898 2281 nostro
910 2231 1027 2283 Podtico.
1045 2233 1148 2282 Famob.

179 2306 213 2359 In
225 2307 340 2357 omnibus
352 2308 423 2358 libris
435 2319 495 2374 post
505 2312 561 2375 quid
571 2318 612 2362 est
624 2313 705 2362 dictio
776 2307 888 2370 Interim]
905 2308 1057 2371 Descriptio
1076 2317 1115 2357 est
1132 2308 1207 2372 hujus
1219 2309 1268 2370 rei,

178 2381 265 2446 igitar,
287 2391 459 2450 praeterquam
484 2387 512 2436 in
531 2389 657 2438 Vaticano
678 2394 706 2438 et
744 2398 800 2450 quar
820 2385 852 2434 ad
868 2385 1040 2434 narrationem
1061 2384 1174 2447 pertinet
1191 2398 1270 2447 supe·

180 2459 389 2525 Basilicam-qni
409 2477 465 2511 eam
481 2463 507 2512 in
519 2471 642 2513 contextu
654 2478 705 2513 uon
743 2460 844 2510 riorern.
878 2462 994 2511 Donatus.

179 2535 708 2602 habent‚qaorumauctoritatemsequor,
746 2558 749 2563 ·
775 2540 807 2584 87
825 2537 1004 2598 Nonnumquam
1014 2535 1213 2598 cmiucramobot]
1233 2538 1271 2586 Ii·

180 2609 293 2660 utaximc
307 2620 416 2674 propter
427 2626 537 2662 versum.
555 2613 642 2664 Fo'e'rrt.
743 2610 775 2659 lis
795 2611 862 2660 enim
884 2612 965 2674 magis
984 2626 1061 2660 cansa
1080 2611 1157 2661 flendi
1173 2611 1271 2676 iuerat,

183 2688 248 2734 ..τε
263 2686 371 2751 ctsysis]
384 2687 706 2754 Commemoratnoncquae
743 2685 796 2751 qni,
817 2700 893 2750 quam
912 2687 1041 2749 amabant,
1058 2690 1211 2738 amiserant:
1226 2689 1270 2737 hic

183 2760 377 2825 sssstctrrysts.
409 2763 500 2814 Donat.
701 2788 704 2793 ·
744 2776 831 2810 amore
847 2769 952 2825 propter
962 2776 1032 2812 suam
1044 2763 1193 2827 Glycerium
1209 2778 1270 2814 con-

179 2854 187 2877 s
218 2837 302 2887 Vicina
319 2839 380 2901 tac]
397 2837 481 2901 Supra
499 2840 567 2888 enim
586 2840 633 2903 ait,
650 2842 706 2890 ‘Ex
743 2836 1270 2902 lacrumabat‚qoialienistachrymissnas

181 2911 274 2963 Andro
305 2913 486 2978 commigravit
509 2915 559 2964 huc
586 2915 707 2970 viciniae!
744 2912 932 2963 commodabat.
964 2915 1039 2963 Idan.

183 2988 261 3041 mem.
466 3019 470 3025 ·
776 2990 871 3038 Placuit
882 2994 932 3039 tam
942 2990 968 3039 id
978 2991 1045 3040 miti.
1078 2989 1273 3058 Siccogitaiom]

218 3065 303 3116 Vicioo
315 3065 375 3128 toes]
392 3064 537 3126 'amomum
569 3068 644 3117 Idem.
743 3063 788 3112 Ita
805 3079 901 3127 supra:
917 3067 925 3094 ‘
940 3063 1107 3115 Gaudebam'
1124 3081 1162 3117 rs.
1180 3071 1223 3117 tt.
1244 3074 1272 3116 et

183 3176 188 3183 .
217 3139 343 3199 Ofnctrrm
360 3142 425 3204 tene]
441 3142 634 3205 Animadverte,
652 3144 708 3194 irbi·
744 3139 822 3189 ‘cum
832 3139 859 3188 id
875 3140 936 3190 mihi
953 3140 1117 3203 piacoit’vs.
1128 3146 1169 3192 69.
1196 3142 1271 3194 Judi-

88 3270 91 3275 ,
183 3227 233 3278 qna
246 3230 262 3263 a
272 3215 356 3266 Podta
366 3219 402 3266 sio
417 3219 503 3269 induci
520 3223 631 3270 comicas
643 3235 709 3270 mor.
745 3215 813 3264 cium
826 3217 907 3278 patris
919 3215 952 3265 ds
962 3215 1016 3266 filio
1027 3218 1211 3267 convenienter
1222 3219 1273 3283 sig-

183 3294 236 3353 tos,
252 3297 282 3340 ot
300 3306 357 3340 oum
379 3292 411 3341 ad
431 3295 612 3345 necessitatem
634 3310 708 3359 argu.
745 3291 827 3351 navit,
835 3291 903 3355 qnod
912 3306 945 3340 ne
953 3294 1113 3343 temerarium
1121 3298 1166 3343 aut
1174 3307 1274 3344 caecum

183 3368 267 3418 menti
277 3367 427 3430 referantur,
438 3384 488 3418 non
500 3371 551 3420 sint
561 3381 646 3420 tamen
658 3378 709 3421 tra.
746 3364 969 3427 rideretur,anten
977 3381 1102 3417 consensu
1111 3366 1195 3431 fama,
1203 3383 1273 3419 nanc

185 3444 261 3508 gicae.
295 3446 363 3495 Nam
383 3452 428 3495 aut
448 3448 572 3495 meretrix
592 3447 709 3502 surnitur,
746 3443 843 3491 rationo
856 3450 883 3490 et
899 3441 987 3503 officio,
999 3442 1114 3504 dulcitur,
1127 3444 1201 3493 addit
1217 3459 1273 3509 gra·

185 3529 232 3585 ant
243 3534 330 3584 senas,
342 3527 387 3571 aut
398 3521 430 3571 ds
442 3520 540 3570 duabus
555 3522 630 3570 simut
648 3536 709 3570 uxo·
745 3519 808 3567 tiam
823 3517 905 3581 figura
921 3519 1126 3580 sermocinantis,
1136 3517 1273 3570 familiaris

183 3593 256 3644 ribus
279 3610 330 3644 una
348 3611 420 3646 uxor.
451 3597 543 3660 ltaque
565 3595 710 3658 hujusmodi
745 3594 804 3644 ituic
817 3594 903 3658 generi
914 3600 1069 3644 moratorum
1079 3602 1106 3644 et
1114 3595 1273 3644 evidentium

184 3669 282 3730 obitus,
293 3679 339 3720 aut
355 3673 478 3721 mediocri
493 3673 599 3721 tristitia
613 3673 709 3736 excipi·
746 3670 930 3720 narrationum.
959 3669 1074 3718 Adducit
1085 3670 1176 3719 Cicero
1187 3670 1274 3720 locum

184 3751 237 3809 tur,
248 3747 383 3796 autetiam
395 3746 498 3809 gandio.
532 3748 607 3795 idon.
746 3745 814 3796 hunc
825 3745 871 3810 (ιι.
888 3745 922 3794 de
932 3744 1008 3794 Orat.
1024 3743 1078 3809 4⁰.)
1089 3745 1134 3794 nbi
1150 3746 1274 3810 ostendit,

193 3858 198 3867 .
219 3823 343 3883 Osoctam
358 3822 424 3884 dete]
441 3822 522 3872 Quasi
538 3822 580 3885 qui
603 3823 710 3886 dixerit,
746 3821 873 3885 quomodo
883 3834 914 3868 ex
930 3820 1020 3869 minora
1029 3822 1189 3884 comparatio
1200 3829 1274 3885 peta·

185 3898 303 3948 ‘Vereor
323 3912 356 3947 ns
378 3896 438 3961 quid
463 3895 563 3946 Andria
590 3906 711 3962 apportet
747 3902 800 3946 tur.
833 3894 952 3957 Epistola
970 3900 1056 3943 autam
1074 3899 1100 3945 7.
1119 3895 1166 3946 111).
1181 3909 1221 3947 rx.
1236 3897 1274 3960 si,

184 3973 264 4023 maii!
297 3974 372 4024 idem.
439 4025 448 4039 ,
747 3969 828 4034 ‘quid
839 3969 881 4018 iric
889 3969 950 4018 mihi
958 3967 1038 4019 facist
1046 3971 1139 4034 patrii'
1154 3972 1276 4036 ἀποφθεγ-

185 4084 187 4091 .
217 4052 250 4097 to
267 4049 361 4111 Beosti]
377 4048 524 4099 Artificiosa
539 4049 641 4114 quidem
651 4066 710 4113 goo-
747 4047 847 4106 matos
863 4045 896 4094 ad
912 4058 985 4108 spem
1001 4048 1186 4106 accommodat,
1198 4064 1275 4113 quam

186 4125 252 4173 dium
269 4124 388 4188 subjecit,
399 4138 432 4173 ne
443 4139 511 4175 mors
528 4127 554 4175 in
575 4120 710 4187 comoedia,
748 4123 781 4172 de
788 4122 963 4172 invalescente
975 4119 1276 4175 uniusedominantibns

132 4263 136 4271 .
186 4201 271 4249 tuctus
281 4201 308 4248 in
319 4199 446 4265 tragoedia
456 4208 618 4264 personaret.
634 4203 710 4251 Idem.
748 4197 867 4265 potantia
888 4202 1042 4262 conceperat
1066 4211 1137 4248 mora
1160 4199 1276 4252 erudito·
