2676 4710
260 110 442 162 uunaurn
468 111 636 161 eunucu.
658 112 742 162 nor.
765 113 815 163 ιν.
838 115 891 164 so.
912 117 964 167 ιν.
1073 104 1159 170 1251

62 259 228 319 qnae-postea
237 254 374 317 suggessit.
395 268 517 317 comparo
535 269 594 305 eum
632 254 701 319 qnod
712 257 799 320 piacet
816 257 887 320 mihi,
907 265 936 308 ut
953 258 1007 309 sint
1022 261 1159 325 trochaIci,

61 329 114 379 boc
126 342 204 378 neren
214 330 264 379 ioo.
281 331 430 381 Plautinum
439 333 525 382 Auiui.
537 347 557 381 1.
570 336 594 382 l.
632 333 845 396 quemadmodum
856 335 947 385 ceteri·
963 335 1078 389 Fuimus.

63 407 106 455 1⁶.
136 404 289 455 ‘Abscede
309 407 387 457 etiam
408 421 495 457 aanor
517 409 595 457 etiam
662 412 694 456 m
711 409 1159 472 MaloJTormeutis.‘0mnesim·

61 482 309 531 naucratim-ohel
320 483 595 532 Istioadsteto.'BoecI.
632 485 714 548 perio,
731 494 812 547 metu,
830 489 864 548 vi,
880 491 946 537 malo
961 490 1079 540 adacte!
1100 494 1157 542 Cic.

91 559 130 621 ,42
144 557 308 620 Oscelestam‚
319 563 389 621 atque
400 561 511 607 audacem
521 559 595 607 Immi-
632 573 669 610 av.
681 562 800 611 Verrina.
819 563 964 616 namatius.

60 628 129 693 ιιιιιι]
154 633 288 681 Chaeream
305 633 409 682 scilicet
430 635 471 682 vel
488 635 595 683 Parme·
663 635 765 698 Sequere
786 637 842 699 mc]
869 639 950 689 Quasi
967 640 1000 689 ad
1021 646 1157 692 tormenta.

60 722 170 771 nonem.
190 709 236 757 sed
256 712 293 759 sic
317 712 533 773 pronuntiandum
543 720 595 774 est,
632 711 752 761 Donatus.

61 790 180 847 utputet
191 783 294 835 Ancilla
303 786 335 834 de
343 789 468 837 Eunucho
478 788 537 851 dici,
545 791 594 839 hoc
662 788 736 836 Modo
747 789 793 850 nit,
801 788 869 838 modo
878 790 1054 854 negot]'l'estio
1066 801 1111 842 aut
1123 792 1158 842 ab
1257 766 1261 775 ἱ

59 860 119 924 ipso
132 862 200 925 quod
213 872 309 924 praesto
320 871 369 914 est.
380 864 439 914 ideo
451 865 494 915 ilia
503 865 594 929 infert,
631 863 778 914 adversario
786 868 950 917 convincitur
958 867 1094 918 falsitatis:
1112 877 1157 919 aot

59 937 125 987 ‘Vae
133 938 289 1000 mihi,etiam
302 956 369 992 uiroc
380 943 594 1007 credis,iudiguir
630 955 684 990 ase
695 943 760 1004 ipso,
777 944 798 992 si
815 945 955 994 variaverit
972 945 1050 995 dicta.
1086 947 1157 1010 Ergo

59 1031 110 1066 nos
122 1030 180 1067 esse
192 1018 276 1068 irrisas
286 1020 391 1069 modis?
408 1014 528 1072 Donatus.
629 1019 715 1079 priora
727 1022 786 1084 quia
803 1036 852 1070 uon
864 1030 973 1086 potuere
983 1024 1112 1084 convinci,
1123 1025 1156 1072 ab

97 1093 122 1141 0
147 1095 279 1158 scenarum,
300 1095 354 1159 aa]
386 1097 592 1148 pronunciatum
628 1094 802 1145 inconstantia
820 1100 893 1146 testis
907 1098 1156 1161 praesidiumdefen·

59 1169 156 1219 hoedo
177 1170 294 1234 Chaerea,
312 1173 391 1222 volrrit
407 1188 422 1222 s
439 1173 535 1235 Pythia
553 1174 592 1221 iu·
629 1171 708 1219 aionis
718 1172 869 1235 inquisitum
880 1181 928 1223 est.
945 1174 1064 1224 Donatus.

59 1245 233 1310 telligiqnasi
249 1247 480 1298 diotumdeDoro.
498 1250 591 1299 Fornu-
660 1251 692 1296 48
711 1250 761 1296 Oro
778 1250 826 1311 me]
855 1250 913 1299 Hoc
935 1237 1045 1301 leutius:¹
1072 1260 1102 1302 ut
1121 1254 1157 1302 sit

59 1320 123 1372 biae.
629 1336 708 1371 causa
719 1337 769 1372 nou
781 1325 911 1374 saeviendi.
930 1326 1004 1377 Idem.

97 1397 142 1447 1⁷oe
160 1397 231 1459 milri]
259 1397 317 1448 Hoc
340 1404 433 1461 totum,
459 1400 502 1449 Va
522 1401 590 1458 milri,
634 1429 637 1434 ·
663 1399 771 1460 Orome]
788 1402 1155 1465 Salrohonoreme03etfra·

59 1472 167 1538 quidam
187 1487 203 1521 a
225 1475 330 1536 Pythia,
352 1489 434 1539 usque
452 1476 485 1525 sd
505 1478 591 1527 irrisus
628 1474 683 1523 tris.
700 1476 842 1527 Fonmbins.

58 1550 148 1611 modis,
160 1550 210 1598 dici
220 1551 379 1599 existimant.
397 1551 516 1602 Donatus.
662 1551 763 1601 Obsecro
772 1559 795 1603 te
803 1556 866 1614 cero,
875 1557 999 1618 PIroedrr'o]
1012 1559 1083 1607 Beue
1091 1573 1155 1610 aero.

92 1630 128 1676 44
143 1627 237 1676 Mirum
257 1627 285 1675 ni
306 1633 333 1676 tn
353 1629 444 1691 credre,
463 1631 523 1691 quod
544 1630 590 1679 iste
627 1641 686 1676 nam
704 1629 763 1692 quia
780 1630 824 1679 iile
842 1632 953 1691 dixerat,
975 1642 1004 1683 ut
1022 1634 1155 1684 simularet

58 1700 138 1764 amr]
154 1704 248 1752 Utrum
260 1718 291 1752 an
307 1718 390 1766 serva,
401 1704 468 1767 quod
481 1704 589 1754 servus?
627 1718 728 1769 preces,
754 1706 796 1755 hic
827 1710 936 1758 annixus
962 1725 1017 1759 vero
1045 1711 1155 1775 addidit,

58 1793 92 1828 an
110 1779 201 1840 stulta,
214 1781 281 1843 quod
297 1781 410 1828 stultus?
426 1795 458 1830 au
474 1778 588 1846 foeruino,
619 1781 775 1844 osteudens,
785 1784 852 1832 serio
864 1799 890 1833 se
901 1799 1001 1849 rogare,
1013 1793 1041 1837 et
1057 1801 1088 1834 err
1100 1789 1155 1836 ani·

59 1855 129 1918 quod
140 1855 300 1904 Eunuchus?
319 1856 394 1904 Idem.
626 1871 681 1905 mo:
700 1872 751 1906 non
763 1864 793 1923 ut
812 1860 855 1908 ille
870 1859 992 1923 jubebat,
1009 1862 1079 1911 doio.
1103 1864 1154 1911 Do·

91 1931 186 1981 Mirum
204 1933 230 1981 ni
249 1932 287 1995 tu]
302 1932 378 1981 Clare
394 1932 469 1996 dicit,
484 1933 588 1997 quidam
625 1938 702 1982 mem.

58 2008 176 2071 pressius
188 2016 290 2072 putant.
309 2009 383 2059 Idem.
658 2010 674 2057 I
680 2011 755 2072 intro]
766 2011 939 2076 Terribiliter,
949 2013 1087 2064 dummodo
1096 2030 1153 2064 enm

90 2089 124 2134 45
136 2083 206 2134 Heus
213 2090 250 2146 fu,
260 2092 347 2146 negato
356 2086 461 2149 nursam]
476 2088 587 2149 Rursum,
625 2094 792 2136 summoveat.
810 2089 885 2137 Idem.

58 2177 110 2223 non
124 2163 157 2212 ad
166 2164 336 2226 ‘negationem
349 2166 472 2227 pertinet,
490 2166 535 2215 sed
555 2165 588 2214 ad
658 2162 736 2224 Intro]
748 2165 840 2211 Utrum
850 2163 1023 2214 Introdomum
1035 2165 1067 2214 ad
1078 2167 1154 2214 Phae·

58 2241 306 2304 interrogationem:
324 2242 587 2303 utsit‚nu·snsr'nter·
625 2237 726 2286 driam?
753 2254 785 2286 ao
808 2240 839 2287 ad
862 2241 1003 2290 Thaidem?
1029 2244 1079 2292 Sed
1101 2260 1152 2293 non

56 2320 167 2379 rogatas.
201 2316 395 2383 Raraunretro,
405 2316 432 2365 id
443 2325 515 2378 est,e
528 2332 587 2366 oon·
625 2321 731 2375 oportet
745 2315 777 2363 ad
791 2317 917 2365 Thaidem
929 2318 1047 2382 intelligi,
1059 2335 1091 2369 ne
1110 2337 1153 2370 cer·

57 2391 157 2442 trorio:
175 2406 206 2439 sc
224 2406 271 2454 per
280 2392 329 2441 hoc
341 2394 499 2443 contrarium
509 2409 586 2457 supe·
624 2391 757 2439 laudarum
770 2406 854 2441 rernm
866 2393 944 2442 index
957 2402 1085 2447 teneatur.
1113 2399 1152 2448 Id.

58 2469 171 2518 rioribus
182 2468 270 2518 dicito.
301 2470 376 2518 Idem.
659 2468 745 2530 oasa]
761 2469 1152 2533 Beneor'er'oxernroopdrrus·

89 2545 162 2594 Hm
172 2545 271 2607 masa]
290 2545 348 2594 Hoc
368 2559 432 2594 vocs
452 2546 585 2605 submissa,
624 2541 703 2588 ticum
716 2543 812 2604 posuit,
827 2549 918 2605 utpote
935 2553 963 2594 et
980 2549 1047 2596 servi
1064 2557 1092 2598 et
1107 2564 1152 2599 uo·

57 2635 89 2669 ne
100 2620 226 2670 exaudiat
237 2620 353 2684 Pythias.
370 2621 513 2672 Fumantes.
624 2615 688 2665 vitii.
697 2623 772 2666 otest
782 2617 927 2680 deploratio
936 2620 969 2669 ab
978 2623 1015 2670 eis
1027 2624 1063 2673 sic
1072 2625 1151 2677 dicta.

88 2701 122 2746 46
129 2697 188 2747 Non
197 2702 276 2758 potest
285 2697 336 2745 aine
346 2697 585 2762 molofoteri,m'deo]
624 2693 698 2743 Idm·

56 2772 202 2837 nuptiatis
213 2781 240 2821 et
248 2772 367 2822 dilatatio
376 2774 535 2836 questionis,
547 2790 585 2823 ar·
655 2774 688 2818 49
703 2769 760 2818 Alio
776 2775 846 2832 pecto
864 2770 968 2832 honeste]
986 2772 1083 2822 Contra
1096 2774 1151 2826 offi-

57 2855 181 2913 gnmento
193 2856 241 2910 est,
252 2849 314 2897 nihii
326 2849 480 2898 constitisse.
509 2850 585 2900 Adde
623 2846 688 2893 oium
707 2843 766 2901 fuit,
781 2845 884 2894 mentiri
902 2846 1020 2896 docuisse
1037 2861 1150 2915 servum,

55 2922 124 2988 quod
137 2938 239 2988 poenam
256 2924 378 2986 minatur,
393 2938 444 2972 non
463 2931 586 2988 tanquam
624 2930 650 2971 et
669 2921 782 2971 adfuisse
799 2922 933 2970 mendacio
945 2923 1077 2973 liberalem
1090 2927 1152 2976 ado·

53 3001 110 3064 jorn
120 3001 231 3062 incerto,
242 3001 288 3049 sed
299 3000 365 3049 falso
383 3001 451 3051 testi.
484 3001 586 3050 Deinde
623 2999 802 3048 lescentulum.
835 2999 887 3048 Sed
908 2999 968 3049 vide
988 3004 1151 3064 quemadmo-

55 3077 138 3139 ipsum
150 3076 230 3136 soteri
248 3076 440 3126 consideremus
459 3079 534 3141 quale
545 3079 587 3128 sit.
624 3076 683 3125 duur
695 3075 862 3138 defendatur,
876 3076 935 3124 duru
951 3092 978 3126 se
990 3080 1093 3128 mentiri
1107 3095 1152 3129 co-

56 3153 118 3202 Non
139 3158 181 3201 est
200 3153 275 3201 testis
293 3151 381 3215 fateri,
398 3152 443 3201 sed
456 3153 500 3201 rei.
535 3153 587 3202 Hic
624 3160 708 3200 aarum
721 3152 793 3215 dicit,
810 3152 870 3201 dum
886 3154 997 3202 consulit
1012 3155 1150 3203 honestati.

54 3224 136 3291 igitur
155 3236 184 3277 ut
200 3229 226 3276 iu
243 3229 314 3277 iilum
326 3229 429 3292 culpam
447 3228 588 3279 transferat
623 3227 698 3276 Hanc
710 3234 794 3277 autem
808 3242 911 3277 causam
927 3230 1011 3293 longae
1028 3232 1149 3280 sermoci-

55 3307 212 3368 universam‚
223 3305 302 3357 fateri
314 3306 389 3368 dixit,
396 3320 448 3354 non
457 3307 585 3356 indicare:
623 3306 735 3355 nationis
748 3306 779 3353 ad
800 3307 848 3355 hoe
860 3305 962 3354 induxit
974 3305 1069 3355 artifex
1082 3307 1149 3356 Pod-

56 3387 86 3432 ut
102 3381 160 3447 ipse
177 3396 244 3444 rens,
262 3396 312 3430 non
332 3382 408 3430 siieni
428 3379 492 3431 facti
511 3383 585 3432 testis
624 3388 660 3444 ta,
672 3389 702 3431 nt
718 3383 786 3446 apud
798 3396 885 3432 omues
897 3384 952 3445 jam
963 3388 1062 3430 certum
1078 3383 1150 3443 sit,a

56 3458 237 3508 essedicatur.
254 3460 373 3508 Donatus.
622 3459 729 3508 Chaerea
747 3459 862 3514 vitiatam
886 3459 1020 3520 virginem,
1042 3471 1074 3505 ue
1096 3457 1150 3505 ulio
1202 3456 1204 3463 '

89 3533 368 3596 Neapotestsinemoio]
378 3534 459 3584 Quasi
469 3535 584 3584 necheco
622 3548 709 3584 errore
727 3533 901 3597 impediantur
918 3535 1024 3582 ulterius
1042 3534 1150 3596 nuptiae,

55 3607 145 3668 fuerit,
162 3625 212 3659 neo
230 3610 275 3659 ina
294 3607 433 3673 confessio,
450 3610 584 3675 inquibus
621 3611 662 3659 vei
674 3608 730 3658 finis
745 3608 840 3658 fabulae
853 3607 996 3658 differatur.
1013 3609 1088 3656 Idem.

55 3686 127 3735 nuila
140 3687 236 3735 veritas
249 3688 292 3736 sit.
314 3687 390 3735 Idem.
652 3685 709 3733 Ario
725 3690 795 3746 pacto
812 3685 917 3748 noneste]
938 3684 1012 3732 NoIIo
1023 3684 1070 3731 alio
1080 3685 1149 3733 scili·

61 3792 65 3800 ·
91 3761 196 3811 Verum?
212 3763 313 3812 vidistin
324 3763 432 3822 fratrem
444 3762 584 3810 Cinneam?
620 3770 672 3825 cet,
682 3763 731 3811 uisi
743 3761 865 3822 perhanc
875 3759 1011 3809 fallaciam.
1028 3761 1103 3810 Idem.

54 3838 108 3887 Do.
126 3853 181 3888 non.
203 3838 268 3888 ·Ριι.
280 3855 327 3888 non
334 3843 413 3901 potest
421 3838 484 3901 sine]
507 3838 538 3887 Iu
555 3837 584 3887 li·
652 3844 693 3888 49.
712 3843 744 3887 50
762 3838 878 3886 Priorem
896 3849 995 3884 versum
1015 3851 1102 3885 secum
1119 3847 1147 3888 et

55 3915 104 3964 bro
115 3915 243 3964 Bembina
260 3922 301 3964 est
317 3915 438 3977 vidistine,
455 3924 482 3965 et
494 3914 584 3977 dictio,
619 3916 652 3964 sd
664 3921 824 3978 spectatores
836 3926 924 3960 versus
940 3911 1068 3976 quuitur:
1090 3929 1147 3977 pos·

54 3991 117 4053 n'ns,
149 3991 284 4055 sequenti.
304 3992 389 4041 versui
417 3992 583 4043 adscribitur.
620 3992 709 4042 teriori
718 3991 788 4040 clare
801 3989 881 4041 minas
890 3989 917 4040 in
926 3990 1077 4042 Eunuchum
1087 4005 1149 4056 oon-
