2676 4710
188 347 277 417 1³18
480 356 485 363 ·
525 354 650 405 'uorat
673 353 875 427 vsesonurr
900 354 939 404 us
977 356 981 363 ·

222 509 255 555 lo
272 496 618 565 lirnqssdderseireeteest]
644 496 715 547 Nihil
752 501 806 547 tum
824 510 901 544 voces
922 500 949 543 et
968 492 1117 555 blanditie,
1138 493 1274 556 cujusmodi

189 581 293 633 omnino
323 575 429 627 effertur
458 574 490 622 ab
518 573 715 637 interpretibus,
752 569 1042 630 renumerationem.
1070 569 1277 621 Namuihiletre

189 658 257 724 quod
269 654 377 718 probare
389 656 468 714 quent
478 649 635 698 eruditorum
648 649 716 712 qnis-
752 646 823 703 mihi,
834 643 908 694 nefas
923 644 1021 704 dicere,
1034 659 1087 694 uon
1100 645 1174 708 licet,
1184 660 1235 694 nou
1244 661 1279 696 ar·

190 749 275 801 quem.
287 731 397 780 omnium
405 725 594 775 minimeParei
603 724 717 788 explicu-
753 725 801 774 sim
814 723 910 772 dicere.
927 722 1071 773 Fumhiur.

189 814 227 862 tio
248 806 349 857 sdmitti
368 810 463 866 potest.
497 803 538 851 An
551 803 588 852 ite
598 803 661 851 licet
672 816 716 850 ca·
786 803 816 849 17
836 799 889 847 Hor
902 814 944 860 ego
960 800 1017 847 muli
1029 814 1076 847 nors
1086 800 1184 862 pridem
1194 802 1280 850 inueni:

191 885 270 950 pere?
291 887 342 930 tum
357 881 417 942 quod
436 881 489 928 dem
504 880 534 929 ei.
550 878 718 929 constituitur
753 875 1032 940 sequeetiomdsmscit
1040 873 1126 937 poter]
1144 876 1280 941 Utrumque

187 955 715 1015 hicdrooidsqrrsmtrolueritabsolvere;
754 952 787 1001 ed
805 951 937 1012 οἰκονομίαν
958 951 1069 1001 relatum
1094 961 1154 1000 est:
1177 958 1207 1001 et
1223 951 1282 1017 qnod
1324 952 1326 967 '

189 1041 239 1085 terri
250 1035 310 1098 quod
322 1036 375 1081 dem
390 1033 422 1094 ei,
435 1032 497 1080 nihil
513 1037 548 1080 ert
565 1030 623 1078 mitt
631 1045 640 1086 ,¹
658 1044 715 1077 cnm
754 1041 804 1076 non
816 1028 976 1076 inveteratus
985 1041 1068 1086 emor,
1082 1026 1216 1091 (abducet
1225 1027 1282 1077 enin

189 1119 277 1161 tamen
295 1123 402 1159 necesse
420 1109 455 1156 sit
472 1107 579 1155 multum
597 1105 716 1168 accipere
754 1103 814 1152 lnde
824 1104 935 1153 animum
946 1110 973 1151 et
985 1102 1018 1151 ed
1031 1117 1142 1152 uxorem
1151 1105 1179 1152 in
1192 1102 1282 1153 finem

87 1190 93 1199 “
189 1189 268 1239 talem
289 1185 462 1241 meretricem,
483 1181 566 1245 qualis
583 1194 651 1228 nunc
673 1180 718 1229 de·
754 1178 998 1243 bulreapplicehit,)
1011 1186 1039 1229 et
1053 1179 1126 1242 qnod
1140 1178 1283 1243 patriigro

189 1263 288 1327 scripta
302 1270 351 1311 est.
384 1259 435 1309 Sed
448 1257 612 1321 reprehendit
623 1269 718 1304 nermo·
754 1270 813 1306 num
825 1258 880 1306 hsec
892 1255 1041 1319 ignorantia
1052 1257 1187 1319 praecipui
1198 1257 1282 1306 erroris

190 1355 250 1390 nem
262 1355 310 1389 nec
322 1338 433 1387 absolvit
445 1353 452 1384 :
469 1335 607 1398 interJ'ecta
618 1347 718 1382 eorrec·
754 1330 901 1395 reperiretur
912 1332 1024 1396 peperit.
1043 1332 1161 1380 Boerleru
1169 1348 1190 1382 s.

191 1416 270 1465 tionis
281 1413 405 1463 t'ormule:
421 1417 540 1461 recteest.
557 1427 581 1474 q.
601 1411 718 1470 diceret3
786 1409 879 1457 Scurra
892 1421 925 1457 rr.
959 1407 1078 1456 lamhici‘
1088 1409 1221 1457 octonarii
1236 1423 1282 1459 ses·

190 1492 237 1542 sed
259 1491 319 1555 qnid
339 1489 427 1538 dicere
446 1488 531 1536 volui?
550 1488 641 1550 religio
658 1485 718 1535 mihi
756 1484 877 1533 laimunt.
896 1483 1128 1547 quemnemo:
1144 1486 1283 1550 redimere

190 1577 272 1616 estec
289 1567 331 1614 vel
350 1565 440 1614 ominis
459 1563 556 1612 vitandi
572 1577 719 1612 causaesse
754 1561 872 1621 eujesest.
900 1574 938 1608 vs.
950 1563 975 1608 6.
984 1573 1093 1608 omues:
1113 1563 1187 1611 dium
1199 1579 1283 1613 reuss

191 1644 283 1704 dehet,
303 1643 390 1702 dicere,
404 1640 466 1689 nihii
481 1639 540 1687 milri
555 1654 611 1689 esse.
630 1644 719 1702 sperat
754 1635 1192 1698 oideeisortehieteopntreul.eae.
1220 1652 1256 1687 rs.
1264 1641 1283 1687 1.

190 1721 350 1780 enim,more
369 1717 458 1764 talium
478 1722 618 1764 amatorum
638 1728 665 1762 se
682 1715 718 1762 in·
754 1712 822 1759 dno:
844 1726 914 1773 quum
935 1712 1004 1759 scion
1029 1725 1117 1759 unus:
1137 1727 1211 1775 quest
1226 1713 1283 1764 seire.

191 1803 328 1844 venturum
342 1790 461 1840 alicunde
475 1797 620 1853 argentum.
631 1790 719 1852 itaque
756 1802 793 1837 rs.
804 1792 845 1837 tu.
856 1803 942 1836 omnen
952 1805 958 1834 ι
969 1803 1016 1837 nort
1026 1788 1123 1850 rogitus
1134 1789 1194 1839 hiae
1202 1792 1284 1854 longius

191 1872 268 1921 timet
288 1870 387 1925 dicere,
404 1868 465 1915 nihil
487 1866 534 1914 sibi
562 1880 628 1915 esse.
651 1864 718 1927 quod
754 1864 841 1913 ehem.
868 1879 906 1913 vs.
927 1867 966 1912 ll.
987 1864 1062 1912 dno:
1086 1866 1144 1914 dum
1168 1872 1283 1916 cmm.

191 1950 241 1997 etsi
263 1961 290 1994 re
311 1944 372 1992 nihil
391 1951 468 1999 esset,
480 1942 505 1988 in
518 1955 565 2003 spe
579 1948 665 1988 tamen
676 1939 719 1986 ha·
755 1939 1059 2002 Argentoratcomeuiar.
1070 1941 1141 2002 quod
1151 1957 1285 1991 nnusmeo·

192 2023 275 2076 beret,
288 2019 355 2068 unde
369 2017 500 2066 meretrici
511 2016 613 2078 procaci
626 1988 719 2076 stippe-
756 2030 811 2064 rum
824 2016 848 2062 in
861 2016 976 2078 margine
991 2015 1154 2078 adscriptum
1166 2017 1247 2068 habet
1256 2017 1284 2067 sl

191 2097 271 2148 diteri
298 2099 393 2158 posset.
427 2089 495 2139 lllud
523 2096 584 2139 recte
612 2095 657 2151 eet,
683 2090 720 2138 ita
755 2090 1111 2140 coronamentorum.

191 2172 318 2236 usurpari,
337 2179 365 2218 nt
380 2170 540 2230 dictumest,
559 2167 598 2215 rel
609 2168 664 2215 hec
675 2180 719 2213 ex·
788 2170 908 2217 Moretur
926 2174 954 2215 et
973 2168 1116 2217 Govesnus
1126 2168 1190 2219 hinc
1202 2168 1284 2235 incipi·

191 2251 278 2310 empla
307 2247 447 2296 doceant:
483 2244 611 2308 querenti
636 2243 720 2305 matri,
755 2252 903 2294 untaotum
921 2244 1071 2305 secundum,
1091 2247 1139 2295 sed
1160 2248 1285 2312 ratioills,

190 2325 268 2390 ‘quid
296 2338 324 2373 es
351 2329 403 2373 tarn
432 2322 514 2371 tristis
533 2320 551 2368 l’
579 2319 719 2383 respondet
756 2320 1284 2386 quaetameecurejsctutur,quodCliti·

190 2399 359 2465 Pamphilus:
376 2395 580 2447 ‘re'ctemuter.’
596 2396 663 2445 Hee.
675 2409 720 2447 111.
755 2397 807 2460 pho
823 2396 849 2444 in
867 2395 1002 2460 proscenio
1022 2400 1191 2461 remanserit,
1212 2400 1283 2450 Chrs-

191 2480 217 2527 2.
230 2481 270 2527 19.
287 2474 461 2538 interroganti
483 2468 661 2536 pemurbatnm
675 2471 718 2521 AE·
754 2480 824 2522 mete
837 2473 939 2521 domurn
957 2473 1084 2535 digresso,
1101 2488 1152 2523 uon
1168 2484 1211 2527 est
1224 2477 1286 2538 tanti

191 2554 308 2602 schinum
319 2550 437 2611 Micioni,
449 2550 526 2613 ‘quid
538 2548 604 2598 esti’
614 2563 719 2612 respon·
756 2550 885 2614 ponderis.
900 2550 958 2599 Non
970 2548 1054 2598 dicem
1068 2551 1102 2600 de
1116 2559 1193 2602 actus
1205 2553 1286 2619 quarti

192 2628 239 2677 det
247 2628 290 2676 ille
299 2643 306 2675 τ
314 2628 322 2655 ⁴
331 2627 393 2675 nihil
405 2641 413 2685 ;
426 2624 516 2674 recte)
528 2623 640 2688 Adelph.
649 2639 688 2673 rr.
696 2630 720 2673 ὅ.
755 2626 839 2686 initio,
851 2627 875 2674 in
887 2625 935 2674 hac
945 2623 1048 2685 l‘shula3
1068 2641 1129 2677 nuru
1141 2637 1171 2679 et
1182 2629 1285 2681 111110-

193 2708 232 2753 19.
250 2702 293 2751 Ad
304 2700 526 2765 priusexemplum
534 2701 652 2749 Donatus
663 2714 719 2747 eru·
756 2708 827 2750 retus
844 2702 961 2763 corrigit.
981 2702 1054 2765 cnjus
1070 2706 1285 2757 artetoritutemei

192 2779 263 2827 diter
282 2777 339 2826 ‘sic
351 2776 466 2837 dicimur,
485 2790 543 2824 cum
560 2774 616 2823 sine
627 2775 720 2838 injurie
756 2791 931 2841 sequeremur,
948 2777 972 2824 in
991 2777 1110 2827 omnibns
1122 2781 1285 2833 retenturi·

191 2853 376 2918 interrogantis
386 2851 481 2916 aliquid
492 2851 628 2900 reticemus
639 2849 660 2899 :’
676 2864 720 2899 ne·
756 2851 850 2901 fahnlis
861 2853 937 2901 aliter
948 2852 1084 2901 ordinandi
1104 2863 1197 2905 esseut
1207 2864 1285 2906 uetes.

192 2946 243 2996 que
255 2931 389 2996 quisqurm
399 2926 477 2977 facile
486 2927 596 2986 dubitet,
606 2941 652 2990 per
661 2941 720 2990 sup·
756 2928 783 2977 id
802 2928 870 2991 quod
892 2926 968 2976 facile
987 2941 1038 2976 non
1053 2928 1104 2976 erit
1123 2930 1231 2994 ubique,
1240 2932 1288 2982 nisi

192 3008 348 3072 pressionem
359 3006 395 3055 ibi
408 3005 458 3054 dici
470 3002 499 3053 el
507 3009 576 3054 recle.
592 3004 672 3054 Boecl.
757 3003 864 3053 velimus
877 3001 940 3050 durs
951 3002 1079 3066 quedam,
1088 3010 1117 3052 et
1129 3016 1287 3057 sconsuetn·

226 3085 294 3147 Turn,
315 3085 375 3146 qnod
391 3083 443 3132 dem
464 3083 496 3143 ei,
512 3085 574 3130 recte
590 3081 638 3144 est]
655 3082 721 3131 Cum
758 3080 817 3129 dine
840 3081 939 3128 uomica
959 3081 1096 3142 plurimum
1115 3081 1230 3147 diversa,
1246 3083 1286 3135 so

191 3175 241 3210 nec
254 3159 362 3221 precise
373 3163 510 3219 negarent,
524 3171 572 3205 nec
585 3158 663 3220 plane
682 3155 720 3206 ai·
757 3157 870 3205 mittere.
889 3156 1017 3204 Beclerus.

191 3235 333 3297 firmarent,
353 3234 465 3284 Romani
481 3233 612 3294 dicebant,
637 3235 720 3283 Recte.
790 3231 851 3279 tut
869 3231 928 3279 milri
947 3231 1064 3294 secunde]
1090 3232 1143 3281 Hie
1165 3235 1229 3284 illud
1246 3240 1286 3296 ert,
1310 3262 1313 3269 ·

191 3313 286 3363 Faber.
757 3310 818 3370 quod
840 3322 913 3370 repro
939 3306 1053 3367 diximus,
1078 3309 1141 3369 quod
1168 3323 1214 3372 per
1236 3325 1284 3359 eoa·

223 3390 289 3438 Num
298 3387 359 3436 nihil
366 3400 414 3434 esse
423 3384 492 3445 milri,
502 3382 588 3443 religio
596 3382 644 3444 ert]
671 3383 718 3431 Di·
749 3382 870 3444 jecturum
887 3384 967 3432 Clinia
983 3384 1069 3445 credit,
1084 3385 1189 3435 audeaut
1206 3402 1232 3437 se
1247 3385 1286 3436 ei·

191 3479 261 3522 cere,
281 3479 321 3513 me
343 3463 392 3511 hoc
415 3475 465 3510 uon
488 3461 592 3521 hahere,
610 3460 720 3510 maxima
755 3466 821 3508 sente
838 3465 978 3522 correptum.
1022 3457 1061 3508 Ae
1078 3460 1204 3521 primum·
1216 3474 1284 3526 argu·

189 3543 254 3592 mihi
265 3541 355 3604 religio
371 3546 419 3589 est.
452 3538 489 3586 Ut
508 3538 602 3599 Virgil.
623 3539 719 3587 ‘Reth-
755 3543 869 3585 mentum
882 3535 946 3584 fecit
957 3551 989 3585 ex
1001 3549 1044 3594 eo,
1056 3528 1283 3599 quodmisrusser·

191 3620 233 3685 gio
252 3624 292 3668 est
310 3623 412 3680 patrum
434 3613 528 3662 multos
550 3619 653 3662 serrata
671 3628 719 3677 per
754 3610 925 3660 rusnondum
943 3610 1017 3661 redit.
1046 3611 1148 3670 Deinde
1166 3615 1283 3680 proponit

193 3693 291 3744 annos!
308 3690 467 3754 Eugrnplriur.
754 3686 836 3750 ipsam
865 3687 1047 3750 suspicionem,
1065 3687 1115 3736 Sed
1135 3705 1230 3754 uereor,
1248 3693 1283 3754 qr.

225 3771 323 3831 Religio
344 3773 379 3817 ert
404 3765 493 3827 dicere]
521 3764 582 3814 Dies
602 3766 719 3828 religiosi,
756 3763 925 3827 Eugraplrius.

190 3848 274 3913 inquit
293 3845 417 3909 Apolline,
435 3841 509 3903 dicti,
525 3856 597 3906 quos,
608 3851 718 3906 propter
787 3840 815 3889 Si
825 3840 885 3889 mihi
902 3841 1010 3888 secunde
1027 3838 1080 3903 res]
1097 3841 1185 3892 Clinia
1196 3845 1281 3907 plenus

184 3924 282 3973 ominis
303 3922 445 3979 diritatem,
463 3918 653 3983 relinquimus:
679 3918 717 3968 id·
755 3917 874 3967 desiderii
886 3925 913 3966 et
924 3931 1051 3975 curarum,
1067 3932 1100 3967 ex
1120 3920 1198 3971 domo
1209 3923 1282 3972 Chre·

192 3998 262 4049 circo
272 3997 409 4047 Terentius
420 3995 444 4043 in
455 3995 550 4044 Heaut.
561 3996 641 4042 ‘Tum
649 3994 716 4060 quod
753 3995 829 4043 metis
840 3994 1016 4057 progreditur,
1034 3994 1055 4042 si
1077 3995 1218 4047 redeuntes
1234 4012 1281 4049 ser·

193 4072 251 4119 dem
273 4073 305 4131 ei,
326 4078 473 4120 recteest:
497 4085 554 4119 nem
578 4071 639 4121 nihil
661 4084 717 4119 esre
754 4087 799 4120 vos
817 4079 845 4118 et
865 4071 972 4118 autricum
992 4070 1178 4121 erlvententem
1198 4081 1281 4137 posset

191 4145 263 4203 mihi,
275 4146 364 4208 religio
375 4152 416 4195 ert
426 4145 532 4196 dicere?
550 4145 595 4193 lib.
610 4159 648 4196 ιν.
657 4160 680 4193 c.
693 4149 717 4193 il·
753 4146 913 4209 conspicere.
941 4145 1055 4206 Clitipho
1066 4145 1101 4211 (si
1119 4149 1180 4198 hinc
1191 4164 1282 4200 norun

192 4219 218 4270 h.
231 4233 255 4268 e.
265 4220 328 4268 'l'unr
339 4220 407 4284 quod
424 4220 483 4269 dem
499 4220 523 4269 el
535 4220 651 4284 obsequii
662 4228 717 4272 tau·
753 4230 839 4273 acturo
853 4221 932 4272 ordiri
943 4220 1043 4287 placet)
1053 4236 1187 4288 egressum
1198 4239 1282 4278 nonu·
