2676 4710
328 319 511 379 nannnnn
536 284 700 368 annuns.
724 321 806 370 rur.
828 323 884 371 ιιι.
906 325 958 374 so.
982 327 1023 374 ιι.
1133 311 1218 380 1437

128 476 196 522 nunc
206 458 357 526 agnoscitur
367 462 401 512 ab
412 461 487 512 irato.
504 463 579 513 idern.
724 468 757 514 28
772 465 819 514 So.
837 465 902 522 Quid
912 482 969 529 ergo
979 466 1012 530 a]
1029 467 1064 517 0.
1075 466 1093 518 l:
1104 481 1123 517 s.
1134 468 1220 531 qaidis
1241 467 1243 471 ’

160 542 193 588 at
211 540 242 587 Te
260 539 337 601 ipsam
353 540 463 602 querito,
482 539 513 588 Te
534 541 654 602 exspecter
692 538 769 601 ergo?
790 548 818 589 et
833 555 865 590 eo
882 544 990 606 amplius
1001 543 1067 593 liber
1077 544 1219 601 Bembinus

126 614 211 677 oppido
232 615 356 677 oportune]
378 615 485 664 Incerta
512 615 655 677 distinctio,
692 622 721 664 et
732 615 776 664 alii
786 617 896 680 antiqui,
906 619 936 666 ab
946 625 1036 669 nonen.
1053 618 1176 671 Faernus.
1211 633 1213 637 ·

126 695 212 738 utrum
227 691 259 739 Te
273 697 369 752 expecto
383 690 466 754 oppido
475 691 654 754 opportunam
724 694 872 744 Alienusest
887 711 902 743 a
918 697 1118 759 nmtrafumilin]
1145 698 1219 748 Bene

125 765 281 816 dicendum:
299 782 332 816 aa
348 773 482 830 *expertura
500 767 535 815 sit
551 766 653 828 impari·
691 770 790 820 dieras.
824 771 892 821 Geta
901 772 968 820 enim
978 772 1026 834 ipsi
1031 773 1083 835 jam
1095 772 1221 836 dominus,

124 849 203 907 ¹enter
218 857 325 906 cupere,
342 848 368 891 et
383 844 440 892 sine
459 841 654 904 praescn‘ptione
690 847 817 896 Sostratae
838 861 928 910 gener,
948 847 1091 910 Pamphila
1111 848 1219 898 maritus

126 918 252 981 temporis
264 933 379 982 sperare,
387 920 465 982 juxte
476 924 575 967 certum
588 925 652 967 tem·
691 922 842 972 vocabatur.
860 923 978 973 Domus.

123 1009 183 1057 pns.
218 993 293 1044 Unde
315 1001 432 1059 apparet,
452 994 483 1042 ad
506 1000 529 1044 te
549 999 654 1058 experto,
723 1001 755 1046 29
772 999 861 1047 Amare
871 997 960 1063 occepit
971 997 1055 1062 eliam]
1081 998 1162 1064 Pejus
1179 1003 1221 1049 est

124 1071 186 1134 quia
196 1085 245 1134 per
256 1085 283 1120 se
296 1071 401 1121 nimium
413 1080 463 1136 est,
471 1087 522 1121 non
534 1086 589 1121 esse
591 1073 653 1136 jun·
690 1089 771 1122 amare
788 1075 887 1138 eerqrit,
906 1088 981 1138 qnam
998 1080 1071 1123 amat.
1105 1076 1174 1125 Nam
1191 1077 1218 1124 in

121 1147 236 1210 gendum
247 1149 339 1212 oppido.
357 1148 440 1198 Idem.
691 1164 722 1199 eo
735 1148 804 1212 quod
816 1149 891 1212 dixit,
901 1147 999 1212 occepit,
1014 1156 1150 1210 augmenta
1160 1151 1221 1199 mali

156 1228 189 1273 25
209 1225 275 1280 Quid
284 1223 440 1286 festiniani
458 1222 533 1286 Geta]
549 1223 653 1272 Probus
691 1225 829 1274 metuenda
841 1224 989 1288 significat:
1008 1232 1036 1273 ut
1048 1225 1073 1273 in
1085 1225 1219 1288 principiis

125 1301 244 1364 assignat
265 1301 314 1350 hoc
330 1301 467 1350 Sostrata.
500 1299 586 1363 Asper
602 1314 652 1349 non
690 1316 748 1365 quae
771 1308 858 1350 actum
881 1300 1033 1363 respiciunt,
1058 1313 1108 1348 non
1130 1300 1219 1351 statim

123 1378 181 1427 vult
195 1377 233 1443 ad
257 1378 341 1428 omnia
357 1393 459 1427 serrum
479 1377 650 1441 respondere:
690 1376 894 1427 imminutionem
913 1377 1072 1440 inspectant.
1103 1375 1139 1424 Et
1156 1390 1219 1425 ores·
1271 1439 1274 1447 ,

121 1453 168 1503 sed
190 1454 317 1503 nutricem
339 1460 413 1519 qrntat
432 1453 480 1503 hoc
500 1454 577 1519 loqui.
599 1455 651 1503 Do·
686 1455 724 1516 pit
737 1453 966 1517 magnumfacinns
978 1452 1051 1502 dixit.
1070 1452 1144 1503 Idem.
1195 1500 1196 1505 ,

122 1534 204 1582 sams.
726 1529 767 1579 Va
778 1531 872 1578 misere
883 1527 952 1590 milri]
973 1529 1041 1578 Mire
1053 1527 1218 1590 interponun-

157 1603 341 1668 Quidfertinas]
353 1603 528 1654 perturbaris.
539 1605 574 1654 Et
583 1620 651 1654 corn·
690 1612 733 1654 tur
758 1606 871 1654 mulieris
896 1603 1004 1655 affectus
1031 1619 1099 1654 noro
1119 1605 1219 1655 nuntio.

121 1690 209 1731 motus
224 1681 289 1730 dicit
306 1697 410 1744 prorsas,
428 1689 490 1730 acto
513 1689 651 1741 commoto,
689 1682 765 1731 Idem.

119 1757 202 1818 fesso,
224 1765 251 1807 et
271 1758 409 1819 anhelanti,
426 1757 458 1805 ob
478 1757 651 1821 perturbatio·
721 1763 753 1808 30
769 1759 884 1816 Alemone
895 1761 960 1824 ipsus
970 1760 1058 1824 eripuit
1065 1760 1157 1824 palam]
1174 1759 1218 1809 sie

121 1833 183 1888 nem
194 1840 222 1882 et
233 1840 384 1882 contentum
394 1846 505 1880 cursum.
522 1832 595 1882 Idem.
689 1835 801 1897 nuntiat,
812 1843 840 1885 at
850 1836 941 1894 ultima
953 1837 1039 1900 pejora
1049 1836 1108 1884 sint.
1133 1837 1166 1885 Et
1178 1835 1217 1884 his

158 1908 223 1963 Quid
233 1907 347 1970 festinas,
360 1907 393 1956 mi
411 1906 486 1970 Geta]
504 1907 570 1956 Vide
582 1909 650 1959 Dan.
689 1911 845 1974 argumentis
857 1913 912 1960 vnit
921 1911 1039 1975 probare,
1048 1911 1117 1975 quod
1130 1911 1218 1960 immo·

120 1992 150 2034 et
163 1984 259 2048 Guyet.
280 1985 409 2033 Boeclerus.
689 1986 746 2036 dice
756 1987 851 2036 amarit
863 1987 1004 2049 AEschinns,
1017 1987 1061 2052 qui
1070 1987 1217 2051 plusquam

152 2064 186 2110 26
202 2061 315 2110 Animam
330 2058 419 2122 recipe]
448 2057 523 2108 Quod
540 2059 566 2106 in
577 2058 651 2110 lecti·
689 2065 823 2129 virginem,
840 2064 865 2114 id
888 2065 970 2129 ipsum
987 2065 1055 2130 quod
1073 2064 1156 2129 pudor
1169 2078 1217 2114 nee

119 2151 171 2186 one
190 2141 265 2199 gesta
279 2133 382 2182 ostendi
399 2133 503 2182 minime
514 2134 611 2197 potnit,
623 2135 650 2185 id
687 2140 818 2202 hortatur,
837 2155 886 2189 nec
902 2141 1023 2203 consulit,
1041 2146 1119 2191 amat.
1153 2139 1217 2195 Qua

120 2228 155 2262 ex
167 2211 250 2260 verbis
261 2210 386 2258 Sostratae
403 2208 549 2257 ostenditur
561 2209 585 2257 in
598 2209 651 2259 Ge·
688 2223 774 2265 autem
792 2217 872 2279 magis
891 2218 977 2279 potuit
996 2216 1133 2279 impudens
1150 2229 1218 2275 esse,

119 2295 158 2338 ta.
191 2286 214 2336 N
218 2301 257 2334 am
270 2284 329 2334 ideo
341 2284 447 2348 dicitnr,
466 2284 580 2333 Animam
591 2285 650 2334 reci·
687 2305 764 2355 quam
775 2291 818 2355 qui
831 2298 892 2354 post
903 2292 1039 2341 honestum
1051 2306 1176 2352 amorem,
1184 2289 1217 2348 alr¹

117 2379 189 2429 pere:
206 2364 268 2428 qnia
281 2362 324 2411 itte
338 2376 392 2430 pra
410 2360 524 2434 anhelitu
536 2360 650 2410 crebris·
686 2368 792 2417 Leucus
802 2369 890 2418 amet?
916 2368 975 2417 Hoc
983 2369 1079 2417 etenim
1089 2365 1219 2431 significat

120 2455 151 2490 ra
164 2439 241 2489 rerba
253 2437 403 2487 continuare
418 2451 470 2486 non
481 2437 573 2500 possit.
599 2439 649 2487 Do·
686 2442 857 2492 meretricem.
875 2444 946 2507 Ergo
957 2444 1161 2503 non-honestam,
1170 2443 1217 2511 sed

119 2523 199 2568 notua
687 2518 720 2567 ab
733 2520 856 2581 Lenope:
877 2533 927 2567 non
940 2533 986 2582 pcr
998 2519 1087 2580 alium,
1096 2519 1142 2567 sed
1155 2517 1217 2580 ipsi.

152 2592 265 2642 Anicium
275 2591 365 2656 recipe]
378 2592 498 2656 Namque
509 2606 564 2656 prae
575 2592 650 2640 anhe·
686 2611 732 2646 ns:
746 2611 795 2645 nec
807 2596 880 2658 eruit,
893 2604 938 2646 aut
948 2595 1065 2659 abduxit,
1076 2597 1122 2645 sed
1130 2596 1163 2645 ob
1172 2597 1218 2651 im·

117 2669 168 2719 lita
191 2669 271 2719 verba
292 2669 468 2718 intermittens
486 2682 535 2717 uuo
556 2666 650 2731 spiritu
685 2672 837 2735 patientiam
851 2672 924 2721 valde
937 2672 1044 2721 amantis
1055 2672 1217 2736 eripuit.ne·

117 2746 272 2796 condonare
282 2760 332 2795 non
340 2743 569 2809 possevidebatur.
588 2743 650 2793 Fur·
685 2761 735 2810 qne
757 2747 784 2797 id
805 2750 919 2810 occulte,
934 2756 963 2798 ut
977 2750 1021 2813 qni
1040 2749 1148 2799 caelaret
1162 2746 1217 2795 fae·

118 2821 211 2872 satim.
686 2831 751 2887 turn,
763 2831 885 2889 tanquam
903 2825 1081 2875 satisfacturus
1094 2821 1167 2870 uxori
1178 2822 1217 2870 vi»

150 2903 181 2947 27
200 2896 329 2946 Perimes!
348 2902 426 2946 netum
437 2895 486 2959 est]
508 2895 650 2962 Jamvblna
687 2902 812 2951 deretur:
825 2901 870 2944 sed
884 2904 976 2958 palam.
993 2895 1077 2949 Ideni.

119 2972 354 3036 verbajunguntur.
370 2973 489 3021 Donatus.
717 2980 748 3022 at
767 2969 848 3031 Satin?
863 2971 904 3018 ime
921 2970 996 3033 certo]
1025 2969 1128 3034 Magnis
1141 2972 1215 3020 malis
1299 2992 1303 2999 ·

127 3045 281 3098 ‚Perimrni
302 3047 444 3110 detumeat]
477 3045 566 3093 Verba
587 3051 651 3094 sunt
684 3060 736 3095 non
760 3047 847 3095 statim
866 3045 993 3094 creditur.
1025 3045 1084 3094 Hoc
1101 3060 1164 3109 ergo
1181 3062 1215 3107 es

118 3123 317 3188 desperationis.
351 3123 508 3171 Namnetum
524 3125 569 3183 est,
587 3119 649 3169 dici·
685 3121 773 3171 dolore
795 3120 872 3185 dixit,
888 3121 957 3187 quod
978 3128 1067 3185 stupet
1087 3121 1214 3184 andiens3

118 3208 160 3250 tnr
180 3201 206 3249 in
219 3215 250 3249 ea
263 3213 301 3261 re,
313 3197 344 3248 de
356 3212 408 3263 qna
412 3198 469 3262 jam
480 3197 534 3245 lata
545 3197 579 3246 sit
591 3211 649 3246 sen·
684 3213 736 3247 non
749 3199 807 3263 quia
820 3213 870 3247 non
882 3198 960 3248 habet
969 3197 1056 3248 iidem.
1073 3200 1148 3263 Idem.

120 3277 212 3327 tentia.
230 3277 305 3325 Idem.
717 3273 789 3323 Satin
801 3275 842 3323 irre
853 3274 927 3338 certe]
944 3276 1063 3323 Donatus
1070 3275 1145 3338 legit,
1157 3275 1214 3324 scis·

152 3355 266 3417 Eloquere
278 3352 370 3400 obsecro
381 3350 438 3414 qaid
448 3346 493 3412 sit]
517 3350 590 3399 Bene
600 3352 648 3400 elo·
683 3365 713 3400 ne
724 3351 766 3399 laec
776 3356 860 3400 certet
877 3351 936 3399 libri
959 3351 1048 3413 aliqui,
1065 3349 1133 3398 inter
1150 3364 1213 3414 qnos

118 3444 196 3493 quere.
208 3445 266 3477 narn
278 3436 387 3477 conatur
396 3434 507 3488 tantum,
520 3428 588 3490 qnod
599 3441 648 3475 neo
684 3425 836 3487 Benrlrinns,
850 3427 927 3474 satine
938 3424 980 3482 line
990 3424 1128 3475 certum'st:
1146 3425 1214 3494 qnod

118 3505 275 3568 explicatur,
291 3518 340 3552 nec
358 3502 530 3565 intelligitur:
548 3503 591 3552 cni
612 3504 647 3552 vi·
684 3517 745 3551 vero
768 3502 892 3567 sequitur,
919 3501 988 3550 solus
1013 3501 1154 3551 Bembinns
1176 3503 1214 3551 ita

118 3581 154 3630 tio
174 3580 305 3630 contraria
326 3579 407 3628 virtus
431 3584 472 3628 est
492 3578 647 3643 eloquentis.
683 3578 781 3629 lrabet:
799 3578 851 3628 Gn.
875 3583 972 3627 certum.
1006 3577 1090 3629 Quam
1110 3591 1214 3640 respon·

116 3658 175 3710 Jam
193 3657 250 3719 plus
265 3657 306 3705 iric
325 3663 409 3719 gesto,
423 3670 500 3719 quam
511 3655 582 3705 dictu
594 3656 648 3718 agi·
682 3656 778 3705 sionem
792 3655 970 3718 interrogatio,
987 3669 1043 3718 qua
1061 3668 1109 3716 per
1124 3659 1214 3719 certum

116 3744 160 3785 tnr
171 3751 176 3780 :
190 3735 259 3797 quia,
269 3739 298 3781 nt
309 3749 387 3796 snpra
398 3732 517 3793 diximus,
526 3741 554 3782 et
564 3735 647 3782 lassus
683 3738 728 3794 est,
739 3731 820 3794 facta,
832 3731 934 3780 ridetur
946 3730 1059 3793 exigere.
1080 3728 1195 3778 liniretur.

116 3810 212 3874 estqui
231 3809 344 3870 nuntiat,
367 3816 394 3858 et
408 3809 554 3872 integratur
573 3808 647 3859 dolor
717 3809 791 3858 Hisce
802 3810 886 3872 οιιιὶιζι]
913 3804 1053 3868 ’ἰδιωτισμδι
1064 3819 1212 3855 asseveran-

116 3887 210 3948 nuntii,
224 3900 300 3949 quum
313 3884 381 3946 apud
394 3884 463 3951 illum¹
474 3884 598 3949 loquitur,
613 3883 647 3933 ad
684 3884 728 3934 tis.
745 3885 863 3933 Desistas.
1235 3880 1236 3884 ’

118 3953 329 4028 quammaxime
357 3959 488 4008 calamitas
516 3959 645 4023 pertinet:
716 3959 791 4007 Hisce
799 3956 883 4021 ιιιιιίι]
893 3957 1144 4014 nemudr‚testibus
1156 3971 1211 4006 oer-

117 4053 167 4102 quo
181 4039 270 4088 dolore
289 4052 339 4085 uox
354 4036 504 4100 plerumque
520 4034 646 4084 subtrahi·
683 4035 798 4085 tissimis.
814 4034 923 4083 ‘Pluris
944 4034 1011 4082 enim
1034 4041 1075 4082 est
1093 4033 1211 4083 oculatus

118 4123 161 4163 tur
173 4125 250 4178 atque
263 4114 439 4176 singultitiet
450 4112 525 4160 simul
538 4110 583 4161 dat
596 4110 646 4175 sig·
684 4109 757 4166 testis
783 4123 856 4169 nnus,
880 4123 963 4173 ‚quam
995 4109 1073 4157 attriti
1101 4108 1211 4169 desmmJ

118 4206 177 4240 num
190 4191 349 4256 perditarum
362 4205 457 4242 rerum.
474 4188 548 4240 Idem.
574 4178 577 4186 ¹
683 4184 1123 4255 Plattt.Ttuculent.act-tmen.
1149 4185 1211 4253 Ειιι·Ι
1262 4240 1268 4249 ,

681 4260 773 4311 aniius.

908 4421 920 4449 Ι
