2676 4710
270 326 452 376 unnuuuu
477 326 1050 378 nnuuuouniuos.ncn.1v.sc.
1074 331 1100 379 1.
1145 315 1231 380 1355

86 487 101 519 ε
129 467 280 519 famosus.
541 506 544 511 .
704 474 798 530 negat:
816 471 1231 535 nonnusirstameu,quod·ipsum

86 563 97 595 ε
168 544 204 594 El
214 544 280 606 dedi]
300 544 357 592 Non
376 542 467 591 sustuli
483 542 605 606 puellum,
620 543 665 592 sed
704 543 850 593 intercutes
861 553 913 606 est,
924 559 1013 594 causas
1029 553 1160 605 tractare3
1177 546 1232 608 sed,

86 640 103 673 ι
130 619 197 675 dedi
210 620 269 667 curri
280 618 467 682 exponendam.
484 619 559 667 Idem.
705 619 863 681 amplificata·
873 622 947 682 thesi,
965 620 1143 687 frequentibus
1155 630 1183 671 et
1194 622 1231 670 ai·

86 716 102 751 ι
130 720 139 731 ·
168 695 666 760 llOduppitsrtoatcmueerser'nonimo
703 695 863 747 dementibus
889 699 993 749 verbis:
1022 700 1156 762 imperitos
1179 716 1230 751 non

86 792 101 827 t
124 770 268 835 ''uxilicml
284 773 401 836 Impetus
415 773 456 822 hic
472 781 513 821 est
526 772 665 823 iracundie
702 786 797 835 capere
812 773 958 823 discrimina
974 779 1060 824 rerum
1072 777 1230 840 expetenda·

86 869 96 903 ῑ
131 849 234 906 senilis,
254 850 287 897 ob
307 856 422 911 spretum
441 848 564 897 edictum.
579 846 666 911 ἐπαίρει
703 862 758 897 rum
771 855 799 897 et
815 848 1010 912 fugienderrrn13
1025 866 1109 915 neque
1126 867 1180 915 eas,
1191 852 1229 901 uti

86 947 92 977 ι
132 923 396 986 τδπάθοςέκφωνήσει.
413 927 540 988 longeque
554 924 612 987 plus
627 924 666 973 di·
702 931 816 987 oportet,
827 940 988 988 computare.
1005 929 1080 976 Idem.

86 1024 96 1056 ρ
133 999 193 1060 eit3
217 1006 309 1049 tuntum
330 1003 355 1048 iu
374 1000 451 1049 animo
470 1015 519 1049 esse
537 1000 665 1056 inscitiam,
708 1008 712 1012 ”
734 1005 765 1051 25
783 1001 854 1063 Spem
864 1002 940 1064 reite]
962 1003 1067 1064 Scilicet
1085 1017 1137 1052 non
1155 1019 1232 1067 opor-

86 1110 93 1131 ,
130 1076 666 1139 quemsiposuissetztuutomuecsseluam
703 1075 753 1125 tuit
774 1075 894 1126 simulare
922 1091 950 1125 re
972 1077 1037 1140 ipse,
1065 1079 1109 1126 sed
1139 1079 1233 1127 uerbis.

86 1176 91 1205 r
135 1148 269 1200 inscitiam
287 1152 343 1199 scil.
357 1151 481 1201 credibile
500 1150 606 1213 est,sas
617 1155 667 1212 est,
698 1149 772 1201 ‚Huic
783 1151 969 1213 respondetur:
987 1152 1088 1203 ‘Quom
1105 1153 1171 1201 bene
1184 1153 1232 1202 abc

86 1255 91 1284 .-
134 1225 225 1278 d'ecet.
251 1226 385 1276 Inscitiam
396 1227 462 1276 hauc
474 1226 598 1276 describit
607 1225 665 1274 'sub-
703 1232 730 1275 te
747 1235 911 1289 prospectum
928 1226 986 1289 est,'
1002 1231 1051 1278 &c
1084 1228 1161 1277 Unde
1177 1230 1233 1292 epi·

86 1330 93 1363 :
134 1302 211 1364 inde,
227 1305 346 1366 neglectu
362 1303 441 1365 juris,
455 1311 482 1352 et
498 1300 666 1352 socordielu·
703 1302 816 1366 logoruur
835 1303 893 1351 loco
910 1302 1060 1364 adjunctum
1080 1310 1128 1364 est,
1150 1318 1233 1368 quan·

86 1408 91 1439 ,
133 1380 200 1431 turi.
218 1380 349 1430 Baetem.
703 1383 755 1425 tum
772 1378 922 1427 incommodi
937 1385 1104 1428 consecutum
1122 1378 1164 1428 sit.
1182 1379 1233 1426 Eri·

86 1483 90 1516 5
136 1481 142 1499 ι
171 1459 204 1505 te
221 1456 327 1504 Insciens
341 1455 405 1517 feci]
436 1456 557 1504 Suaviter
578 1458 666 1521 poeta,
701 1453 836 1515 graphius?
1006 1461 1008 1464 ’

86 1564 88 1575 ·
135 1530 265 1582 inscitiam
288 1545 309 1579 s.
329 1531 491 1579 inscientiam
515 1533 557 1582 hic
574 1533 666 1587 distin·
708 1564 713 1568 -
734 1532 767 1577 24
783 1528 1029 1592 Miserioordiodsc]
1046 1531 1143 1580 Verum
1159 1537 1186 1581 te
1199 1531 1232 1580 ad

136 1608 210 1672 fluit:
226 1615 352 1670 qriateuus
366 1608 473 1655 alterum
485 1622 565 1670 genus
577 1609 609 1658 ad
622 1626 666 1660 ve.
702 1604 903 1653 misericordiam
926 1605 1007 1653 movit
1028 1606 1106 1654 credo
1129 1606 1231 1655 animus

135 1683 305 1745 ulamlvnleu
322 1689 349 1731 et
365 1683 666 1746 propositum-peccandi
703 1687 855 1729 maternus(
878 1681 991 1729 Matium
1012 1689 1097 1730 eutem
1121 1679 1230 1732 affectus
1319 1696 1322 1700 ·

135 1764 233 1822 neget3
251 1758 360 1807 slterum
383 1759 481 1820 supine
500 1761 666 1822 negligentia
702 1756 782 1818 major
794 1771 870 1818 quam
883 1762 995 1818 patrum.
1030 1758 1176 1808 Quodcum
1195 1759 1233 1806 ln·

134 1835 241 1898 culpam
264 1833 402 1895 significat.
429 1849 486 1897 qtrae
510 1836 608 1884 comice
638 1843 666 1886 et
702 1830 826 1892 bore'fit,
848 1831 929 1894 magis
957 1831 1081 1895 diligitur,
1105 1841 1133 1880 ut
1153 1832 1232 1882 lrabet

136 1911 259 1972 apposite
276 1910 317 1957 hic
338 1915 542 1958 commutantur:
563 1912 665 1976 quando
702 1909 867 1969 Aristoteles,
889 1908 976 1956 Ethic.
995 1908 1097 1957 Nicom.
1122 1909 1169 1957 lib.
1191 1921 1232 1958 rx.

135 1989 227 2044 s'cnex,
241 1992 347 2046 arrepta
358 1986 493 2034 occasione
506 1987 585 2042 vocis,
603 2003 665 2036 uxo·
702 1992 779 2048 atque
792 1984 957 2036 ideomatrcs
969 1982 1036 2031 filios
1046 1984 1233 2046 megisamant,
1249 2000 1251 2005 ·

136 2061 256 2120 rennuit,
276 2060 452 2109 ‘Inscieutem
475 2068 553 2126 etque
569 2063 666 2125 impru·
703 2061 764 2125 quia
781 2067 870 2123 partus
887 2059 1032 2108 laboreriis
1049 2068 1109 2109 suut
1129 2075 1233 2123 graves,

123 2137 243 2189 >dentem
255 2135 342 2184 dicere
354 2149 384 2183 ac
395 2134 481 2184 facere
493 2136 594 2185 omnia!
605 2156 666 2202 περι·
702 2142 730 2184 et
745 2136 841 2183 certius
855 2135 940 2183 sciunt
958 2135 1057 2198 prolem
1076 2149 1134 2183 esse
1151 2149 1233 2184 suamc
1245 2174 1249 2183 .

137 2211 223 2277 φράσει
233 2210 403 2273 τῆἔόβλεψίας
413 2212 533 2276 ademarii.
549 2214 625 2261 idem.
704 2210 844 2259 Faunum.

139 2298 147 2339 t
169 2293 202 2339 21
233 2289 279 2338 Tot
291 2292 387 2350 peccota
404 2288 430 2336 iu
448 2279 492 2334 lic
508 2302 535 2335 rc
554 2289 668 2352 ostendis]
735 2285 862 2339 26'Quom
873 2283 993 2333 dene‘rero
1004 2286 1044 2334 obs
1054 2291 1078 2334 te
1087 2291 1234 2348 prespeclum

98 2377 105 2389 ’·
138 2364 270 2416 Admimri
285 2365 326 2414 hic
341 2364 403 2413 licet
419 2365 566 2426 exemplum
583 2366 666 2426 copiae
703 2366 757 2409 cst?
772 2360 953 2422 quidooloistii
975 2360 1066 2422 cogito]
1090 2362 1235 2411 Instantius

137 2432 352 2503 serentisnae,'in
373 2438 553 2501 amplificando
570 2456 666 2503 eugen·
705 2435 769 2497 ogit,
778 2443 805 2484 et
817 2435 925 2483 ironiam
935 2436 1182 2498 interrogationibus
1191 2448 1244 2485 cu··

138 2515 231 2580 doque.
242 2515 301 2565 duae
311 2515 481 2565 accusationis
493 2522 581 2578 partes
592 2523 667 2565 suist:
705 2513 798 2560 mulsit.
815 2512 945 2562 Boecleruc.

125 2627 128 2635 -
140 2594 209 2657 quod
221 2606 272 2641 non
280 2594 341 2642 satis
349 2593 475 2641 obsecuta
486 2599 561 2642 esset
568 2594 667 2641 Sostra·
698 2644 700 2651 ,
737 2592 769 2636 26
788 2581 878 2651 Nempe
888 2589 954 2644 anui,
964 2589 1016 2651 lfa]
1028 2589 1132 2651 Nempe
1143 2595 1186 2637 tua
1196 2596 1236 2637 at·

139 2677 176 2734 te,
186 2677 215 2721 et
231 2670 299 2735 quod
316 2685 366 2719 non
382 2671 444 2718 satis
459 2670 624 2732 providisset.
640 2675 668 2718 at
706 2668 833 2727 quesitus
852 2665 921 2713 illius
942 2665 1089 2728 proditioue
1102 2672 1236 2713 reservata

140 2746 184 2796 ille
202 2745 359 2809 miultiplicnt
370 2761 376 2792 :
389 2747 456 2793 *Tot
465 2753 572 2808 peccata
583 2746 608 2794 in
620 2747 668 2794 hac
706 2747 754 2802 est,
765 2749 794 2789 ut
806 2748 931 2804 qrraestum
950 2740 1050 2790 faceret
1065 2756 1183 2805 corpore,
1195 2741 1236 2789 vel

140 2821 320 2871 monendis?
345 2823 416 2883 quasi
437 2837 483 2885 per
502 2822 600 2885 ringula
620 2824 669 2871 cri.
707 2815 813 2864 venialis
825 2825 1001 2878 exponeretur
1017 2819 1042 2865 in
1060 2832 1163 2880 gravem
1181 2832 1236 2866 ser·

139 2911 210 2959 meu,
223 2904 251 2946 et
268 2897 371 2960 quidem
386 2898 411 2944 in
430 2912 481 2945 une
498 2911 535 2959 re,
547 2897 670 2960 proderet
708 2894 824 2943 vitutem.
841 2895 983 2943 Furunlr'es.

141 2987 172 3022 ac
201 2972 387 3031 ‘ostenderet,'
414 2973 468 3020 sive
499 2976 668 3034 spectandum
739 2976 772 3019 29
790 2971 855 3025 Qiiid
870 2987 922 3018 cam
937 2970 997 3030 illis]
1023 2969 1117 3017 Sensus
1136 2971 1237 3019 luicob-

108 3045 110 3048 ’
141 3049 257 3103 omnibus
269 3048 413 3107 exhiberet,
427 3063 482 3111 quae
496 3063 615 3110 peccasse
632 3049 670 3096 di·
708 3046 858 3093 scuritatem
874 3044 964 3102 habet,
975 3043 1018 3105 qui
1034 3044 1094 3091 tulis
1109 3053 1165 3092 est:
1184 3046 1237 3093 Ex·

138 3127 216 3176 citur.
228 3124 318 3187 etjam
327 3139 385 3174 cum
396 3130 531 3184 apparatu,
541 3131 569 3170 ut
580 3123 605 3171 iu
616 3124 670 3170 lon·
708 3120 793 3182 posito
813 3118 861 3167 tibi
881 3125 920 3166 est
938 3117 1000 3181 iilis,
1014 3127 1135 3181 suscepta
1153 3121 1185 3170 sb
1205 3136 1238 3170 ea

140 3215 174 3262 gn
191 3199 347 3263 partitione:
372 3199 531 3260 ‘Nsm‚jsm
551 3199 670 3260 primurn,
709 3209 767 3257 quae
790 3194 913 3257 pudorem
934 3192 994 3242 flua
1023 3181 1075 3243 ide
1097 3196 1237 3247 venderetr
1279 3229 1282 3242 ,

141 3275 181 3339 si,'
195 3278 244 3325 &e
256 3283 284 3323 ut
293 3275 374 3323 multe
382 3279 576 3321 enumeraturus
586 3272 670 3321 videa·
709 3270 753 3319 ced
766 3277 794 3318 tu
806 3269 937 3333 cogitasti,
947 3269 1011 3339 setis
1022 3283 1088 3331 esse,
1099 3270 1238 3321 dummodo

142 3358 197 3411 tur,
220 3350 264 3413 quii
286 3346 427 3411 ‘primum'
450 3355 501 3395 tarn
523 3356 670 3396 asseverate
709 3347 816 3395 viveret.
850 3346 907 3406 Ego
917 3344 986 3394 stine
998 3359 1075 3408 cogor
1087 3360 1143 3393 eam
1156 3347 1238 3394 susci·

143 3426 238 3488 signet.
250 3423 311 3472 inde
322 3424 429 3484 imperia
440 3422 561 3484 loquitur,
569 3438 624 3486 quie
638 3422 671 3471 ad
710 3437 779 3485 pere,
786 3420 832 3468 sed
842 3419 982 3468 defendere
992 3420 1047 3483 ejus
1057 3419 1179 3482 pudorem
1186 3434 1238 3469 non

142 3507 257 3550 mentem
273 3497 391 3561 jubentis
406 3496 521 3558 obsequi,
534 3511 583 3544 uon
595 3497 671 3544 inter·
711 3511 822 3560 possum.
840 3495 999 3558 Eugroplius.

143 3575 271 3640 pectendo
284 3573 444 3632 imminuere,
454 3586 518 3633 opus
531 3572 573 3621 sit.
608 3571 671 3619 Adi·
744 3577 811 3648 Quiri
820 3591 874 3624 cum
884 3575 933 3623 illis
944 3573 1013 3636 ugus]
1036 3574 1092 3623 Sibi
1107 3574 1172 3623 dicit
1185 3576 1238 3624 vio·

143 3654 192 3702 ruit
204 3649 324 3716 praesidia
335 3649 505 3698 excusationis
517 3648 542 3695 in
561 3654 672 3710 utraque
710 3653 763 3699 lata
780 3650 833 3699 filie
853 3650 947 3698 nullum
966 3663 1023 3697 esse
1043 3664 1119 3712 posse
1139 3648 1239 3699 vindic.

143 3728 315 3779 accusationis
334 3732 418 3788 pnrte.
458 3724 584 3782 Primum,
603 3723 672 3786 qriod
711 3735 773 3776 tarsi.
790 3727 867 3774 Idem.

144 3807 277 3872 potentius
289 3812 356 3864 erat,
371 3803 460 3851 fauore
470 3803 674 3858 animimatcrni,
745 3801 810 3856 Quid
823 3801 879 3849 'cum
895 3799 945 3846 illis
961 3813 1030 3859 ugos,
1047 3799 1087 3860 qui
1103 3813 1176 3860 neque
1185 3797 1240 3862 jus]

144 3885 282 3946 ingruente
303 3880 409 3928 alterius
432 3878 547 3926 criminis
568 3893 673 3928 accusa·
711 3878 776 3926 Haec
789 3875 821 3924 ad
839 3875 1037 3936 descriptionem
1056 3874 1163 3923 inscitie
1182 3890 1240 3938 per·

145 3962 225 4020 tione,
242 3958 322 4007 veluti
334 3954 479 4013 convolvit3
490 3968 539 4001 uon
552 3955 605 4001 sine
617 3969 673 4003 ora·
712 3953 804 4009 tinent,
816 3964 892 4014 quarn
912 3949 1035 3997 Sostratae
1053 3950 1175 3998 Chremes
1194 3952 1241 3999 tri-

146 4035 212 4084 torio
230 4032 354 4090 artifici03
373 4037 428 4077 tum
439 4027 505 4091 qrrod
517 4027 609 4076 iterum
621 4028 674 4078 dici
711 4028 777 4088 buit,
789 4035 818 4075 ut
829 4025 953 4087 coepimus
965 4026 1053 4074 dicere
1064 4042 1071 4085 ;
1095 4033 1121 4075 et
1137 4032 1240 4086 πληθυν-

146 4118 259 4175 poterat,
271 4108 303 4155 de
323 4106 375 4154 uita
394 4102 483 4168 quovis
503 4104 588 4165 pretio
606 4103 674 4152 redi·
709 4105 778 4152 τικῶς
794 4100 945 4160 efferuntur,
957 4099 1162 4163 amplificationis
1180 4118 1240 4153 ceu·

144 4185 238 4239 urenda
263 4181 447 4245 servandaque,
469 4180 673 4250 constantissime
711 4194 748 4229 sa.
761 4192 787 4243 q.
799 4176 825 4226 d.
837 4189 886 4224 nou
899 4178 987 4239 potest
996 4190 1053 4226 cum
1064 4177 1114 4226 illis
1125 4177 1241 4243 disputa·
