2676 4710
341 302 521 351 aennnrn
547 302 713 352 sunnon.
737 304 820 352 scr.
843 303 900 352 111.
924 303 976 355 so.
1000 305 1024 355 1.
1123 287 1209 353 1215

115 445 149 495 bo
159 457 222 496 usus
234 451 284 496 εει.
318 446 385 496 Nem
397 451 473 497 resset
484 443 642 497 desidiosus:
682 445 770 512 paneis
780 446 876 496 utitur:
896 451 942 496 snt
958 445 1002 511 qnl
1013 445 1046 496 de
1057 445 1146 510 peuols
1158 453 1209 507 est,

113 521 241 584 requiescit
252 519 379 570 defessus.
398 524 476 572 Idem.
681 528 726 573 an't
744 523 787 587 qni
806 523 894 586 prucis
907 523 1004 586 placet,
1015 523 1063 571 hoe
1073 527 1123 579 est,
1134 522 1206 573 bouis

148 596 437 660 Qumirnaetin’]Gmte
446 600 572 662 expressit
580 600 644 648 stul·
681 606 708 647 et
719 600 889 663 sapientibus,
907 600 950 665 qni
967 598 1023 649 fere
1041 599 1119 663 petrei
1135 609 1205 651 sunt.

113 671 280 723 tiiut'entiam
294 674 391 735 militis,
406 674 523 738 quiante
540 675 596 724 vult
607 675 644 723 in·
680 677 757 726 Idem.

112 745 198 811 telligi
209 749 278 813 qnotl
299 749 387 810 sentit,
405 764 479 814 qnam
496 752 552 814 lpse
564 751 643 801 (licat.
715 757 754 802 18.
774 756 806 802 19
836 751 878 802 Sic
896 753 962 802 loma
979 756 1023 814 eet,
1040 767 1208 815 perpaucorum

113 824 151 876 m
169 827 276 889 proprie
295 826 344 876 hoe
364 829 460 876 morale
483 837 524 878 εει
547 828 643 891 stolidi,
680 827 754 889 lom]
772 828 812 876 Ex
829 828 1085 891 interpretationibus
1107 829 1208 878 Donati

113 899 173 950 eite-
181 901 283 950 nuditer
291 901 429 965 loquentis.
446 903 520 953 luent.
680 904 764 967 prima
775 903 892 968 praeferri
905 903 1008 955 videtur
1018 904 1116 954 debere
1128 921 1206 970 quem

145 976 240 1034 Quasi:
267 977 367 1040 nastiu’]
390 979 572 1043 Ἀποσιώιιησιε,
595 996 642 1044 pro
680 986 708 1030 et
719 981 880 1044 Eugruphiua
890 980 984 1043 probat
1000 981 1087 1029 ‘Telis
1097 980 1155 1043 est‚’
1169 982 1206 1030 io-

112 1053 194 1104 nabes
211 1056 278 1105 lroc?
294 1057 343 1106 hoo
362 1064 412 1121 εει,
423 1059 491 1123 qnod
503 1074 587 1123 rapte,
598 1060 641 1108 Ia·
680 1057 745 1120 quit,
757 1057 765 1083 ‘
776 1062 868 1105 utenm
879 1056 968 1120 paneis
980 1070 1038 1105 esse
1050 1057 1122 1105 velit.
1135 1056 1206 1107 ‹leni-

112 1130 220 1192 tdlr'gist
236 1131 320 1182 idem.
679 1145 729 1196 que
750 1132 799 1181 hoo
820 1132 951 1182 intellexit
972 1140 1000 1181 et
1018 1131 1122 1183 Gnatho
1146 1149 1206 1183 cunt

129 1236 130 1241 =
145 1209 240 1265 Quoi:
259 1209 352 1273 nostia]
360 1212 476 1260 venuste
486 1217 592 1260 notetur
603 1212 640 1260 in·
678 1208 953 1258 dixitzlmouullorum
961 1209 1082 1270 arbitror,
1089 1210 1110 1258 εἰ
1120 1216 1206 1259 tecum
1295 1215 1299 1225 ’

112 1281 197 1332 muna
213 1285 311 1347 militis,
335 1285 378 1349 qni
400 1286 509 1348 intelligi
531 1287 587 1336 vult
607 1288 640 1337 ab
678 1284 760 1346 virit,'
768 1293 797 1336 nt
808 1287 841 1335 sit
852 1285 997 1335 Gnathonis
1005 1286 1141 1333 verborum
1149 1300 1206 1335 sen·

110 1359 178 1421 aliis,
186 1360 255 1424 quod
267 1361 323 1425 ipse
334 1362 481 1425 exprimere
498 1376 549 1411 non
563 1364 640 1415 valet.
678 1376 736 1412 sas:
754 1364 830 1411 immo
842 1363 863 1410 si
875 1370 961 1411 tecum
973 1360 1046 1422 vivit,
1059 1360 1113 1409 sire
1125 1367 1153 1409 ιε
1165 1375 1206 1409 ae·

110 1435 257 1487 Faruabius.
677 1437 776 1487 sidnnm
793 1437 880 1499 hebet,
891 1437 968 1485 nrrllis
987 1442 1114 1498 preterea
1126 1434 1206 1485 homi·

144 1516 178 1562 lo
196 1514 273 1568 Quasi
293 1513 334 1564 att
352 1514 419 1563 illum
437 1520 549 1577 expueret
567 1515 638 1564 mise·
677 1512 752 1561 tribus
768 1510 1044 1562 utetnr'familieriter.
1064 1511 1120 1560 fieri
1137 1511 1205 1560 enim

101 1589 185 1653 tim]
199 1590 247 1639 Uti
262 1605 309 1654 pro
328 1590 439 1654 qnando,
456 1598 485 1641 et
500 1592 526 1640 iu
544 1591 594 1651 his,
611 1599 640 1643 et
676 1587 847 1652 nequit,qnin
860 1602 913 1651 pree
924 1588 1026 1637 homine
1038 1595 1091 1636 tum
1102 1587 1205 1652 elegan-

110 1680 201 1729 eupru.
218 1666 335 1716 Donatus.
516 1724 519 1727 ¹
677 1671 739 1714 teet
747 1665 865 1727 sapiente
873 1664 986 1727 reliquos
995 1677 1082 1712 omnes
1091 1670 1206 1711 contem·

143 1741 281 1804 Expueret]
292 1743 400 1807 Eapnere
411 1750 452 1792 εει
464 1758 522 1792 curu
534 1741 640 1793 fastidio
676 1746 729 1790 nat.
746 1754 804 1788 nam
824 1740 861 1788 ite
878 1740 961 1803 accipi
980 1753 1067 1802 posse,
1088 1739 1206 1787 Donatus

106 1815 210 1882 'aliquid
221 1817 333 1881 rejicere
350 1826 378 1868 et
395 1820 535 1882 expellere.
571 1819 639 1868 Nam
676 1831 779 1881 quoqne
798 1816 913 1866 fatetur:
941 1815 1011 1880 apud
1032 1830 1107 1880 quem
1123 1817 1206 1863 ultera
1256 1879 1260 1887 1

108 1907 223 1956 expuere,
234 1902 276 1944 εει
285 1902 360 1944 extre
372 1908 420 1958 pus
431 1895 578 1954 mittere‚itl
589 1901 639 1953 εει,
676 1892 919 1955 expositio‘legitur,
931 1891 1003 1956 quasi
1019 1904 1124 1940 aversus
1135 1890 1205 1939 Gne·

108 1969 191 2020 forus.
224 1971 300 2020 Num
313 1987 359 2034 pue
382 1980 423 2021 εει
444 1972 526 2021 omnis
548 1972 639 2021 humor
676 1967 731 2028 tho,
742 1983 774 2017 ne
786 1968 858 2018 miles
869 1968 981 2029 audiret,
991 1967 1095 2015 dixerit.
1118 1967 1206 2017 Genti-

108 2047 214 2111 oorpori
225 2062 356 2098 onerosus.
373 2049 447 2098 Idem.
673 2050 770 2093 nentur
777 2051 861 2093 eutem
872 2042 928 2093 fere
938 2058 1027 2093 sensus
1035 2044 1060 2092 ia
1068 2042 1107 2092 his
1114 2044 1205 2107 amrap-

143 2127 187 2172 15.
210 2128 241 2174 lo
262 2124 328 2187 Seia,
348 2125 416 2187 qumi
435 2125 475 2173 uli
489 2125 556 2173 illam
573 2124 639 2188 exp]
674 2123 748 2172 earnis
756 2121 913 2170 Gnathonis:
927 2119 1123 2182 utaliuddicat‚
1134 2119 1205 2168 aliud

108 2199 184 2250 Noto
199 2207 326 2262 promtum
343 2201 376 2249 ad
395 2200 490 2265 figuras
504 2216 557 2250 snae
575 2203 639 2252 artis
676 2199 739 2246 velit
749 2199 868 2261 intelligi.
884 2196 952 2246 unde
966 2212 1018 2246 nou
1034 2211 1100 2259 opus
1113 2203 1164 2257 est,
1175 2204 1206 2246 ιιι

109 2274 220 2337 parasiti
231 2275 370 2339 ingenium.
379 2282 407 2325 et
416 2277 520 2340 supplet
531 2292 563 2324 ex
574 2283 639 2326 tetu-
675 2287 702 2324 se
712 2280 815 2322 avertat
826 2273 962 2334 parasitus.
980 2272 1060 2321 nihilo
1076 2273 1144 2320 enim
1159 2273 1205 2320 mi·

109 2365 176 2414 pore
185 2351 328 2401 orationem
341 2351 441 2413 militis,
457 2357 487 2400 et
495 2360 572 2414 auget
582 2366 638 2400 sen·
675 2363 723 2398 ans
734 2355 761 2398 et
771 2349 875 2398 laudare
888 2348 995 2396 militem
1007 2357 1035 2396 et
1046 2347 1155 2395 irridere
1167 2348 1205 2396 vi-

108 2440 177 2486 rum,
188 2427 232 2490 qui
244 2426 378 2476 inchoatus
398 2434 464 2476 erat.
481 2428 558 2490 longe
569 2427 638 2476 enim
676 2421 1155 2484 debitur,‘nnllorurnhominumest,si
1165 2429 1204 2470 te·
1269 2430 1271 2436 “

109 2501 170 2565 plus
189 2501 266 2552 estin
277 2502 382 2563 miseria,
394 2516 469 2566 quum
485 2503 510 2550 in
527 2502 638 2551 eatietate
676 2515 736 2550 eum
745 2498 844 2569 rivitq'
860 2514 891 2548 eo
907 2512 993 2559 sensu,
1011 2511 1062 2559 qno
1080 2497 1137 2546 vult
1152 2498 1205 2547 Eu·

109 2583 140 2627 ει
148 2577 219 2636 adio,-
237 2585 290 2627 tum
307 2579 334 2626 ἰιι
350 2580 468 2640 expuendo
480 2578 552 2640 tulin,
563 2592 638 2641 quam
676 2575 807 2640 graphius,
815 2582 844 2624 ut
856 2575 975 2624 diximus.
983 2580 1012 2622 et
1022 2573 1066 2622 illo
1076 2574 1160 2622 altero
1168 2575 1205 2623 la-

108 2653 308 2718 inrepuieeeeuda
320 2669 337 2703 a
347 2654 450 2704 talibus.
468 2654 597 2703 Baelerua.
676 2659 767 2714 tente;
778 2652 937 2718 nequeenim
947 2653 1056 2702 tuhomo
1067 2666 1103 2701 es.
1119 2650 1204 2702 Hora·

145 2733 176 2778 17
195 2730 255 2779 tum
270 2745 307 2779 me
323 2731 443 2786 convivam
459 2731 638 2780 mlamabdaee·
676 2729 712 2778 tio
734 2730 864 2780 Mnoenas
886 2735 927 2777 ert
947 2729 1106 2792 ‘paucorum
1125 2728 1205 2779 ltomi·

107 2802 161 2861 unt.
171 2804 230 2868 rili]
242 2805 301 2855 Ηοε
313 2812 458 2869 supererat,
467 2812 506 2868 ut,
514 2806 557 2870 qni
569 2813 639 2856 esset
675 2805 753 2867 num:
764 2807 820 2855 Set.
832 2820 851 2855 1.
863 2809 886 2855 9.
904 2805 1032 2855 Baelemn.

108 2879 229 2943 minister
250 2894 398 2943 magnetum
424 2894 518 2943 rerum,
540 2881 567 2929 id
589 2888 638 2938 est,
708 2882 885 2945 Perpaucorum
896 2880 1025 2942 luminam]
1048 2881 1204 2930 Paucoshe·

108 2956 279 3018 consiliarius,
289 2957 449 3019 uoluptatum
458 2971 559 3020 qnoque
570 2958 638 3020 regis
676 2957 721 3007 bet
733 2960 771 3008 ani
782 2959 887 3019 similes,
896 2958 947 3018 vel,
959 2956 1002 3019 qui
1019 2971 1114 3019 pennos
1126 2957 1204 3007 habet

108 3031 243 3097 putieeps
254 3037 333 3081 esset.
368 3032 403 3080 Et
422 3030 481 3079 vide
498 3046 549 3095 qno
560 3032 638 3094 signi·
675 3033 771 3083 iatimae
781 3030 939 3082 admissionis
947 3029 1053 3079 amicos.
1068 3030 1160 3080 Horat.
1170 3030 1203 3079 de

109 3106 192 3158 ficata
214 3107 326 3168 dicatur,
345 3107 389 3155 Me
410 3113 438 3155 et
459 3106 594 3170 Convivam,
610 3114 639 3156 et
675 3108 829 3170 Mecaenate,
845 3107 900 3155 Sat.
910 3109 934 3154 9.
945 3104 989 3154 lib.
1005 3118 1025 3155 1.
1039 3104 1202 3154 ‘Paucorum

108 3182 200 3244 Solum
211 3191 239 3233 et
249 3183 476 3233 diducebatrnam
493 3197 544 3231 non
561 3198 637 3232 voca·
674 3183 815 3245 hominnm,
843 3189 871 3230 et
901 3179 996 3229 mentis
1021 3180 1089 3229 bene
1116 3180 1204 3230 sunu?

109 3258 166 3309 bet.
188 3260 224 3309 Et
241 3259 304 3322 Sibi,
318 3258 391 3323 quusi
401 3272 452 3306 non
464 3264 571 3321 propter
586 3274 637 3320 me,
674 3271 735 3306 mox
751 3258 851 3320 ‘eoque
863 3253 991 3304 Difficiles
1005 3254 1091 3305 editus
1106 3256 1201 3319 primos

110 3334 158 3384 sed
171 3341 200 3384 ut
212 3335 260 3383 sibi
272 3335 338 3384 bene
350 3340 426 3383 esset.
441 3334 557 3383 Donatus.
674 3332 770 3384 habet!
786 3331 927 3382 Famuline.

144 3409 206 3460 firm
215 3425 252 3458 me
261 3411 391 3474 caeninam]
400 3409 433 3459 Id
444 3418 494 3472 est,
505 3425 581 3476 quum
599 3427 639 3461 sa·
707 3411 759 3459 Ima
769 3412 886 3460 nulmmm
896 3408 1120 3469 arbitromt‘teeum
1129 3408 1202 3472 uiuit]

98 3487 191 3538 stietas
211 3486 339 3536 hominurn
361 3493 440 3550 esset,
461 3501 520 3535 cum
541 3486 638 3537 odisset
675 3486 735 3536 Hoc
747 3501 902 3549 aversus,ne
913 3485 987 3535 miles
999 3485 1096 3534 audiat.
1108 3484 1203 3533 Potest

108 3562 223 3628 negotia.
243 3563 317 3611 laem.
676 3570 763 3613 tamen
772 3571 800 3614 et
811 3564 887 3613 aliter
898 3559 1133 3625 iutelligi‚mexime
1144 3573 1202 3608 enm

130 3661 132 3668 ι
146 3639 276 3689 Couainam
284 3640 358 3687 solam
368 3636 506 3701 alemenae]
518 3637 564 3701 Ut,
576 3638 637 3688 ι80·
674 3639 766 3691 milite.
783 3640 901 3689 Donatus.

111 3717 163 3780 lam
191 3730 249 3765 nam
273 3713 385 3779 perfidus
413 3714 456 3763 ille
476 3715 513 3762 Te
534 3711 638 3764 colere!
707 3714 832 3777 immiso]
860 3715 926 3763 Hoeo
946 3713 1070 3762 submissa
1085 3725 1160 3772 noce,
1174 3717 1203 3759 et

111 3792 250 3858 Significat
258 3799 355 3856 entem,
363 3791 518 3856 saepiuscule
531 3789 637 3841 fectum.
674 3804 789 3842 eversus.
807 3790 947 3840 Famuline.

112 3873 191 3924 ldetm'
217 3885 221 3892 ·
706 3871 738 3917 2⁰
751 3867 861 3915 Inridere
870 3864 1025 3927 ommemilu']
1041 3864 1105 3912 Plus
1113 3869 1202 3926 potest

144 3954 176 4002 18
204 3949 297 4011 Regem
320 3951 450 4010 elegantem
470 3946 565 4010 autres]
587 3946 638 3998 Qui
675 3943 708 3994 ed
730 3941 920 4005 significandum
943 3939 1069 3989 infinitum
1091 3946 1204 4002 tempus,

112 4025 209 4089 eligere
224 4025 302 4088 salet,
314 4032 359 4074 ant
370 4024 413 4089 qni
428 4025 484 4088 ipse
495 4025 530 4073 sit
541 4024 638 4087 eligen-
676 4033 752 4086 quam
762 4018 873 4068 finitum.
889 4018 1007 4066 Matar.

113 4101 169 4152 dns.
186 4101 262 4152 Ielem.
707 4099 739 4146 21
761 4096 816 4156 Ego
836 4108 885 4142 uon
896 4091 968 4156 florei
984 4090 1098 4155 pendere]
1125 4090 1202 4141 Quod

144 4183 177 4230 le
193 4179 368 4244 Perpaucorum
383 4175 513 4240 lominum]
527 4177 583 4226 Ant
594 4175 639 4242 qui
675 4171 823 4224 morderent
834 4170 987 4230 clanculam,
997 4168 1038 4219 vel
1053 4167 1122 4235 qnod
1137 4167 1203 4217 iuvi·
