2676 4710
204 328 289 395 1-389
557 343 665 393 noras
692 342 892 393 vauronuh
917 345 958 394 ur

203 503 236 537 ne
247 486 406 537 irascamini.
422 485 486 535 Post
497 484 656 535 iracundiam
672 492 735 549 apta
805 490 838 534 26
854 486 895 535 lta
903 502 944 546 sos
956 484 1113 548 abalienavit]
1126 485 1214 550 Lego,
1222 487 1309 537 aliena--

202 566 335 613 sententia
346 571 394 614 est.
412 562 573 624 Eugraphiue.
769 561 816 621 uit,
842 568 871 610 ut
887 563 919 609 sit
942 562 1112 624 Trochaicus,
1137 565 1230 626 quoles
1251 572 1302 614 suut

236 637 400 699 Precatorem]
409 637 676 700 Deprecatorem,qui
686 651 734 701 pro
770 639 861 688 ceteri.
895 639 962 688 Vide
974 640 1114 689 Fabmum.
1135 640 1226 701 Faber.

202 722 230 765 te
253 714 408 764 intercedat.
430 714 520 762 Plaut.
538 714 612 761 Asin.
629 721 680 762 act.
700 726 733 762 11.
802 715 844 762 Aa
861 715 976 778 suarem]
997 715 1076 779 Apud
1097 731 1228 766 sororem.
1248 718 1301 767 Far·

197 791 344 839 ‘Precator
361 787 498 848 adfuisset,
515 789 607 837 malam
628 803 682 838 rem
694 787 732 837 ei·
769 790 860 838 nebim.

199 864 283 927 fugies
295 863 443 928 nunquam!
461 865 603 913 Famabius.
802 870 834 914 27
850 866 949 916 Adeone
960 866 1022 929 reru]
1035 866 1180 930 Optimum
1192 867 1301 931 equidem

233 946 315 991 two
334 943 405 989 Nihil
424 957 545 991 mceuseo
561 942 673 997 uestiti,
690 957 732 990 uec
770 957 873 992 sensam
894 959 926 993 ex
947 946 1108 994 necessitate
1129 947 1300 995 collectaneis

198 1020 266 1067 huie:
283 1034 326 1067 uec
347 1035 387 1068 oos
403 1025 439 1068 eat
457 1036 557 1082 equum,
579 1019 731 1082 quodjuris,
770 1017 859 1067 dolore
872 1020 1023 1070 adolescens
1036 1022 1195 1071 collocavit.
1228 1023 1299 1085 Quip-

198 1095 269 1157 mr'lri]
295 1097 416 1146 Custodit
437 1097 540 1145 modum
565 1098 604 1146 sui
629 1098 730 1146 consilii
769 1107 803 1156 pe
825 1109 884 1143 cum
903 1105 1063 1158 postremum
1084 1099 1205 1147 omnium
1231 1100 1298 1147 malo·

198 1186 293 1234 seuex;
317 1175 359 1237 qui
381 1176 445 1223 hauc
464 1173 660 1236 castigationem
678 1187 730 1221 uon
769 1183 825 1216 rum
845 1169 926 1219 fames
943 1172 986 1221 sit.
1021 1173 1163 1236 Denique,
1181 1173 1297 1222 ‘Obsce-

198 1248 255 1310 irae‚
266 1250 311 1298 sed
325 1250 431 1299 rationis
443 1263 517 1309 esse3
535 1264 584 1298 nec
597 1250 729 1313 litigando,
768 1258 880 1309 nomque
895 1246 1000 1308 tamem,
1010 1262 1069 1310 quae
1082 1249 1172 1310 prima
1187 1249 1297 1312 periculi,

198 1325 245 1372 sed
263 1324 456 1385 convincend03
482 1324 597 1387 adeoque
617 1326 674 1387 plur
690 1339 729 1373 re·
769 1320 843 1369 vito?
860 1323 1024 1385 Eugraphr'us.

198 1415 255 1450 rum
264 1416 339 1465 quarn
352 1400 487 1449 uerborum
496 1400 657 1462 argumentis
669 1414 728 1448 eou-
800 1397 887 1462 Fame]
904 1396 928 1446 Α
946 1399 1022 1448 tame.
1057 1400 1110 1448 Vel
1124 1401 1297 1459 genitivnsaa·

198 1485 268 1527 stare
290 1478 378 1527 voluit.
411 1477 562 1525 Dissimulet
582 1491 644 1539 ergo
663 1477 728 1525 iram
767 1471 997 1535 tiquurt.deciin.
1019 1474 1083 1524 Vid.
1107 1476 1294 1540 Agelblibdx.

197 1553 223 1601 iu
242 1568 353 1613 serrum,
370 1561 397 1600 et
419 1552 444 1599 in
467 1551 628 1600 occasionem
651 1552 727 1600 ultio·
767 1562 791 1597 c.
802 1554 842 1598 14.
862 1551 1006 1601 Faruabim.

196 1629 237 1676 nis
260 1626 354 1678 differt·
387 1629 452 1678 Cum
472 1628 617 1690 praesertim
639 1630 728 1677 memi-
799 1626 873 1689 Syre]
896 1627 949 1675 Hic
971 1627 1124 1676 trochaicus
1146 1627 1185 1678 ita
1206 1635 1300 1681 sustene

196 1705 288 1765 uisset,
305 1704 433 1768 quomodo
450 1704 511 1753 huic
529 1704 578 1766 ipsi
595 1718 669 1752 servo
685 1719 728 1754 ne·
766 1703 861 1750 tanaus
874 1709 923 1764 est,
934 1709 963 1751 ut
974 1704 1060 1766 prima
1077 1704 1185 1767 syllaba
1203 1707 1228 1754 in
1240 1721 1295 1768 pra-

196 1796 273 1846 quam
291 1781 402 1829 animum
424 1781 456 1829 ad
474 1781 634 1843 peccandum
655 1781 726 1829 addi·
765 1778 902 1827 cedentem
914 1794 1015 1828 versum
1033 1780 1193 1842 rejiciatur3
1206 1783 1295 1845 erpui-

198 1858 276 1906 derit.
309 1857 726 1919 Quaedenuojactari,interpu·
764 1855 842 1902 aulum
861 1855 886 1902 in
904 1855 1019 1916 periclum
1041 1857 1225 1907 contrahatur.
1265 1859 1296 1907 Ut

196 1933 284 1982 dorem
296 1934 391 1982 erroris
408 1933 455 1993 aui,
467 1947 517 1981 non
530 1933 594 1981 vult.
628 1934 727 1981 Neruas
763 1929 863 1991 primus
884 1945 931 1992 pes
947 1932 982 1978 sit
1005 1931 1161 1995 spondeus:
1178 1933 1295 1982 secundus

195 2015 232 2057 ert
247 2025 348 2071 equum,
360 2009 393 2056 ob
404 2009 431 2056 id
442 2010 502 2071 qaod
512 2008 588 2067 sacia,
599 2009 659 2056 mihi
669 2023 726 2057 suc.
765 2012 925 2066 anapaestus:
937 2020 995 2055 nam
1005 2008 1099 2056 redisse
1109 2009 1244 2058 scribebat
1254 2011 1296 2059 'l'e-

197 2100 313 2134 censere.
358 2085 401 2134 Ita
418 2084 524 2147 supplet
540 2084 591 2131 Ms.
613 2085 725 2146 Argeut.
764 2082 872 2139 rannus,
892 2082 959 2147 quod
987 2097 1034 2131 nos
1059 2083 1180 2133 rediisse:
1213 2087 1296 2135 tertius

196 2161 358 2221 codex,cum
370 2160 483 2223 Gnyeto.
516 2158 558 2206 De
574 2172 619 2207 ara
630 2165 657 2207 et
667 2173 726 2222 pre·
764 2155 876 2218 iambus,
887 2167 995 2223 quartus
1007 2159 1142 2224 dactylus.
1155 2162 1270 2213 Fuimus.

199 2237 332 2286 catoribus
347 2235 502 2297 Barlandus,
513 2233 552 2300 (in
564 2234 636 2298 cujus
647 2248 726 2283 sano·
797 2238 830 2282 28
846 2236 920 2308 Modp
931 2234 1002 2285 liceat
1012 2236 1105 2295 cinere,
1114 2243 1152 2286 ert
1168 2239 1233 2301 sper]
1250 2239 1295 2289 Hic

196 2312 295 2362 tatione
323 2311 437 2361 editores
469 2311 605 2373 diligenter
626 2310 727 2360 scilicet
765 2322 852 2359 versus
871 2310 1020 2360 octonarius
1039 2311 1171 2361 iambicus
1192 2323 1242 2372 ert,
1257 2330 1296 2377 po·

195 2389 360 2439 Lactantium
378 2403 425 2452 pro
437 2388 560 2437 Lucretio
575 2386 727 2452 reponunt,)
763 2385 849 2434 nendo
861 2387 887 2433 in
906 2387 989 2449 prima
1008 2386 1072 2435 sede
1085 2389 1295 2450 proceleusmati·

108 2467 115 2482 ‘
197 2473 224 2512 et
236 2466 328 2514 melius
342 2464 475 2512 Weitzius.
497 2464 629 2511 Boeeleras.
763 2474 832 2521 curn,
851 2469 879 2510 et
889 2462 1080 2525 diphthongum
1091 2462 1259 2513 dissolvendo
1274 2465 1296 2513 iu

228 2545 260 2589 24
287 2542 339 2590 Nec
359 2556 400 2589 aar
419 2545 454 2588 est
472 2539 574 2600 aquam]
603 2539 660 2587 Nec
680 2553 725 2587 ros
763 2550 824 2597 aaa,
834 2543 863 2584 ut
874 2536 908 2584 sit
920 2535 1059 2598 spondeus.
1076 2536 1157 2587 Idem.

196 2629 297 2680 aequum
316 2622 357 2663 est
375 2615 437 2662 mihi
454 2627 615 2662 succensere.
632 2613 726 2662 Farua·
795 2611 870 2660 Modo
881 2611 951 2661 liceat
962 2614 1053 2676 virere]
1070 2613 1195 2663 οὐδέποτ’
1210 2615 1295 2677 &nmis

197 2690 256 2738 hius.
424 2746 425 2750 Ἰ
761 2684 804 2736 abr
815 2691 891 2739 κακῶς
901 2686 1038 2751 πράσσοντα
1046 2687 1165 2757 ἄνδρα,·ζὰ
1175 2691 1265 2748 βελτίω
1273 2711 1296 2741 rs

228 2770 259 2814 25
276 2763 359 2826 Abiit]
376 2765 434 2815 Quo
449 2761 549 2812 facilius
561 2769 674 2812 terreret
685 2776 725 2812 se·
761 2766 893 2828 προσδοκᾲν
908 2764 953 2816 del.
988 2764 1182 2830 Apollodorus.
1210 2770 1294 2819 Fama·

194 2856 247 2892 nex
258 2841 387 2890 discessit.
404 2839 565 2901 Eugraphiur.
761 2840 823 2890 bias.

227 2917 461 2978 Abiit.calrrogassc
471 2916 564 2978 nemra]
581 2915 661 2965 Nullo
672 2932 725 2966 mo·
794 2919 847 2967 Nos
858 2919 987 2968 coercituros
997 2918 1071 2981 satis]
1092 2920 1198 2971 Tristia
1218 2924 1294 2988 aliquo

195 2995 229 3046 do
249 2993 337 3043 debuit
357 2993 454 3056 ejicere
474 2994 519 3041 hos
545 3006 634 3042 versus
660 2993 725 3042 dnos
756 2992 818 3056 joco
847 2994 982 3057 distingui,
1008 2996 1102 3044 comici
1125 2998 1228 3060 leporis
1250 3007 1292 3049 est

197 3071 324 3134 Guyetus.
357 3071 440 3119 Quam
452 3070 622 3118 necessarium
634 3077 675 3119 est
685 3071 724 3118 in·
760 3067 813 3117 Sed
827 3063 963 3118 videndum
976 3071 1030 3135 qui,
1050 3076 1078 3120 et
1096 3073 1152 3135 ubi,
1172 3082 1203 3124 et
1219 3090 1293 3141 aquo

194 3146 288 3204 dicari,
299 3145 514 3208 senem,abrupto
523 3146 660 3210 colloquio,
670 3145 724 3196 nbi*
760 3147 818 3197 lieri
833 3148 859 3198 id
876 3149 978 3199 debeat.
1011 3151 1122 3200 Servum
1135 3153 1179 3203 hic
1192 3170 1244 3205 non
1255 3155 1292 3204 de-

193 3222 260 3271 isse?
277 3230 305 3270 et
316 3236 373 3284 qnae
391 3227 479 3283 potest
497 3235 553 3269 esse
571 3223 723 3284 opportuni·
760 3224 859 3286 decuit,
875 3226 908 3273 ab
921 3226 1100 3288 inexpectato,
1113 3228 1292 3294 aliudJocuh·

195 3305 234 3348 tus
252 3297 375 3346 orationis
398 3312 434 3347 vs.
446 3300 488 3344 27.
505 3304 611 3359 coeptae,
627 3297 649 3346 si
669 3311 723 3347 ser·
760 3300 822 3349 riter
834 3300 1026 3364 inferre,quam
1036 3301 1107 3366 quod
1117 3303 1292 3370 interrogaba-

193 3375 264 3424 moni
282 3373 427 3423 Chremetis
444 3375 529 3421 statim
550 3371 723 3436 subjiciatur?
760 3382 811 3426 tur.
827 3378 957 3426 Boeclerus.

193 3451 292 3502 Durior
303 3450 422 3500 videatur
438 3448 482 3496 ilia
500 3445 613 3510 ἔλλειψις,
621 3448 724 3510 tibijam
792 3447 845 3501 Nor
865 3454 995 3502 esurituros
1015 3453 1087 3516 satis]
1107 3457 1297 3520 'Arpaabtaurrr

192 3543 243 3578 esse
259 3530 289 3576 ad
305 3541 407 3576 sororem
428 3523 545 3585 intelligo.
579 3523 628 3573 Sed
641 3540 727 3589 prope
759 3529 859 3578 servilis
863 3530 918 3592 joci
928 3530 954 3577 in
964 3531 1089 3591 periculo.
1107 3532 1258 3584 Farrsabius.

193 3611 242 3667 ert,
260 3602 329 3652 unde
346 3601 507 3665 suppleatur.
540 3599 652 3651 Dixerat
670 3618 722 3652 ser·
791 3609 823 3654 29
841 3606 923 3668 Neque
934 3605 1222 3668 mequisquamcoueitio
1231 3609 1290 3670 adja-

192 3678 385 3742 visamentis
395 3682 496 3741 peterem
505 3676 591 3739 amm,
601 3685 630 3726 et
640 3678 721 3727 inter·
757 3682 811 3745 aas]
827 3679 985 3744 Opportune
998 3681 1141 3745 instigatur
1154 3699 1256 3749 servus,
1266 3693 1291 3734 ut

193 3761 317 3821 posuerat
326 3752 412 3803 πάθους
423 3753 576 3814 caussa3ita
584 3770 625 3803 nar
633 3755 721 3805 atiena*
758 3770 903 3823 consumat,
923 3761 992 3825 quod
1011 3776 1090 3825 snper
1111 3770 1152 3812 est
1177 3764 1291 3820 rauseis,

191 3834 243 3882 nit:
261 3831 425 3881 continuatur
442 3829 647 3893 precedentibus
664 3848 720 3882 ora·
757 3835 784 3884 in
812 3842 897 3885 astuto
926 3842 1043 3898 pectore.
1093 3836 1249 3901 Οἰκονομικὸν
1267 3847 1291 3888 et

193 3909 249 3957 tio:
266 3906 721 3969 tibijamesse,sub.cibum,adroro·
757 3913 833 3976 piane
859 3911 961 3974 insigne
987 3911 1090 3976 εὕρημαι
1120 3914 1155 3964 ad
1181 3917 1289 3966 exhere-

192 3999 251 4043 rem,
261 3985 279 4033 i.
290 3999 313 4035 e.
322 3984 390 4048 apud
398 3983 643 4047 sororem,iutelligo.
660 3986 719 4034 Boe·
756 3989 900 4058 dationem,
918 3991 1030 4053 suspicio
1048 3991 1179 4042 subditivi
1197 4000 1290 4058 partus.

193 4062 286 4111 clerus.
513 4114 516 4117 ,
576 4113 578 4119 ,
757 4067 883 4116 Boeclerus.

234 4138 314 4200 Abiit]
340 4138 433 4203 Senex,
462 4139 593 4192 Chremes.
628 4141 719 4190 Farua·
789 4141 1158 4207 autumnitanorum,
1180 4155 1206 4197 et
1224 4159 1288 4210 mast

194 4211 253 4261 iius.
757 4219 784 4270 id
793 4221 832 4284 egi
842 4220 938 4282 dadum,
950 4220 1006 4284 dra]
1024 4221 1203 4284 Commendat
1216 4225 1243 4274 iu
1251 4224 1284 4273 hir
