2676 4710
203 292 288 358 1040
553 304 660 352 uorn
686 301 882 351 vsusounu
910 303 948 350 ru

198 448 228 498 fit
254 448 351 512 syllaba
373 460 419 510 per
441 445 579 511 synizesin‚
600 453 629 498 ut
651 461 729 512 saepe.
769 445 816 494 hoe
838 445 906 494 euius
929 459 977 508 pro
998 459 1048 493 uua
1077 450 1150 507 purte
1172 446 1297 498 orationis

200 526 317 575 Fu'e'ruus.
767 521 978 571 dixereveteres.
1011 521 1108 570 Eodem
1120 521 1297 574 modoGraeci

230 605 263 651 26
282 599 331 655 Qui
340 597 413 661 seire]
439 597 531 649 Scimu
548 600 617 665 quod
630 607 728 649 certum
766 595 904 658 πάμπολλα,
921 604 948 645 et
957 597 1041 646 Latini
1058 597 1221 660 ‘pinsentis'
1233 600 1295 648 Νω-

199 684 252 727 est:
274 677 397 724 Nescimus
408 690 466 738 quae
479 676 564 726 adhuc
576 677 674 725 incerto
684 676 728 726 ‹ie-
766 673 822 722 vius
841 674 867 721 iu
888 674 956 722 helio
973 674 1082 734 Punico,
1095 675 1208 738 Plerique
1219 691 1295 726 omues

197 752 347 802 sideramus.
381 752 454 801 Idem
472 752 544 814 subt,
567 753 683 801 ‘Forma
703 754 729 801 iu
765 749 907 810 subiguntur
920 749 962 796 sub
979 764 1045 797 suum
1056 749 1183 809 judicium.
1218 751 1295 815 Figu-

197 828 312 879 teuebris
320 828 448 877 uescinon
456 828 597 892 quituest.’
609 829 728 880 Donatus.
767 831 822 872 rste
832 825 980 873 Terentius:
992 822 1109 887 παρέλκοι
1118 827 1153 886 τῷ
1163 828 1295 891 ἀρχαῖσμᾷ.

229 908 261 953 27
279 904 370 965 Metus,
386 905 513 968 magma]
537 904 658 967 Magum
676 921 728 968 με.
765 899 858 951 ‘Quod
878 900 994 964 plerique
1006 900 1221 958 omuesfseiuut,'
1237 919 1293 966 pro,

197 979 324 1042 dagogus.
343 980 420 1029 Idem.
766 989 824 1038 qtsae
843 973 943 1025 fuciunt
965 977 1079 1040 plerique
1098 978 1295 1030 adolescentuli.

229 1056 295 1105 Dum
305 1061 373 1118 cetus,
387 1062 470 1118 metus,
487 1057 601 1118 magister
619 1054 729 1119 prohibe·
763 1050 840 1100 Idem·

197 1131 265 1194 bunt]
283 1131 356 1181 AEtas
369 1133 415 1182 sub
428 1131 569 1196 poedagogo
580 1147 626 1181 seu
642 1143 727 1181 custo·
798 1127 907 1190 Plerique
923 1142 1000 1176 omnes
1014 1128 1122 1192 fuciunt]
1144 1127 1294 1195 Πᾶμπολλω,

197 1210 241 1270 de,
252 1207 331 1267 ἡλικία
339 1207 553 1270 παιδαγωγουμέιη,
568 1209 617 1258 hoc
638 1208 727 1257 verbo·
764 1201 878 1265 πλείονες,
902 1202 925 1251 oi
944 1202 1038 1253 πάντες.
1072 1207 1181 1255 Locutio
1193 1206 1292 1258 Attica.

196 1299 253 1334 rum
273 1293 358 1335 tractu
379 1292 502 1335 notetur:
519 1286 591 1349 quusi
611 1291 727 1333 metuens
766 1280 907 1330 numurus.
1286 1290 1289 1295 ⁴

195 1359 376 1425 paedagogum.
409 1361 498 1410 Pluut,
519 1360 643 1409 Bucchid.
665 1372 684 1408 ι.
703 1363 728 1408 2.
796 1356 978 1420 Adolescentuti]
1003 1359 1249 1423 Beneuentanum,
1266 1367 1294 1410 ut

196 1441 237 1486 ⁴⁰.
253 1437 331 1489 ‘iam
350 1437 465 1486 excessit
483 1437 545 1486 mihi
556 1443 619 1485 aetss
631 1451 664 1484 ex
676 1450 728 1484 nse·
764 1440 873 1496 propter
900 1442 1005 1484 aetutem
1031 1434 1109 1485 facile
1137 1436 1293 1500 ignoscatur.

195 1513 303 1576 gisterio
315 1513 378 1563 tuo?
411 1513 510 1578 Inque
530 1510 726 1572 fubuiuPluuti,
765 1508 886 1559 Donatus.

196 1597 253 1640 tots
270 1591 315 1639 iliu
331 1590 474 1653 disciplinae
491 1590 618 1639 severitus
629 1588 727 1638 descri-
803 1586 990 1652 Auouumtstt]
1005 1589 1014 1616 ‘
1028 1586 1156 1637 Imberbis
1178 1591 1292 1653 juvenis,

197 1665 276 1715 bitur.
311 1666 377 1714 Vide
389 1666 533 1728 presertim
546 1664 606 1714 Act.
619 1679 664 1713 111.
683 1664 727 1713 Sc.
764 1662 1293 1730 taudemcustoderemoto‚Gsudetequis

198 1744 224 1789 8.
237 1756 276 1789 vs.
287 1745 327 1789 17.
340 1743 389 1789 &c
406 1741 536 1790 Boecierus.
763 1738 922 1802 canibusque
933 1746 961 1788 et
972 1738 1052 1801 aprici
1064 1739 1180 1801 gramine
1189 1740 1292 1805 rumpi!

236 1816 357 1877 Megisto·
375 1814 537 1879 prohibebant]
564 1814 727 1878 Paedugogns
764 1812 858 1862 Horat.
872 1815 904 1862 ud
916 1813 1034 1863 Pisones.
1054 1814 1195 1865 Foruubius.

197 1899 293 1941 custos.
311 1892 394 1941 ‘Cum
413 1891 522 1956 primum
534 1890 629 1953 paritio
640 1898 726 1940 custos
797 1890 829 1935 30
846 1888 895 1936 Aut
907 1903 975 1951 equos
986 1891 1057 1952 utere,
1072 1896 1113 1938 uut
1124 1905 1192 1940 cuues
1205 1895 1238 1941 ud
1255 1909 1291 1943 ue·

197 1968 258 2018 mihi
278 1983 393 2031 purpure
411 1967 507 2030 cessit,'
519 1970 569 2016 osc.
588 1968 661 2016 Pers.
672 1966 727 2016 Set.
764 1962 878 2024 mudum]
894 1963 922 2012 Si
938 1970 966 2012 et
978 1978 1056 2028 equos
1067 1966 1099 2013 ad
1112 1966 1256 2017 renaudum
1268 1984 1292 2017 s·

199 2058 228 2094 v,
245 2044 386 2094 famum
763 2036 828 2098 iuut,
844 2039 970 2103 quomodo
986 2047 1014 2088 et
1026 2041 1121 2090 cenes?
1139 2042 1206 2105 quod
1219 2045 1292 2094 multi

228 2118 325 2182 itum]
345 2108 485 2170 intercidit
502 2116 595 2181 Po'e‘tn,
612 2131 645 2167 ne
657 2118 727 2167 solus
763 2112 835 2162 docti
847 2114 1009 2177 improbant:
1026 2117 1152 2165 etdicunt
1170 2126 1292 2181 separatu

194 2194 267 2247 Simo
286 2197 454 2262 loqueretur:
472 2203 596 2245 caeterum
608 2209 658 2246 non
670 2201 728 2246 erat
763 2202 833 2238 esse:
847 2195 874 2238 et
882 2191 912 2238 osi
922 2194 1049 2240 oeuuutium
1058 2195 1290 2257 extruorutionenu

196 2273 372 2336 respondendi
392 2274 465 2323 lucus
485 2271 653 2321 necessarius.
676 2271 727 2319 Do·
763 2283 812 2333 pro
833 2270 864 2318 ad
886 2278 1019 2319 venatum:
1038 2278 1066 2320 ut
1085 2274 1233 2322 ‘Venatum
1250 2275 1291 2322 AE-

199 2353 277 2404 nutus.
764 2359 834 2408 neus,
852 2360 954 2411 unaque
973 2347 1116 2396 miserrime
1135 2348 1220 2398 Dido)
1241 2351 1292 2399 Do·

229 2430 262 2475 28
275 2425 344 2481 Quod
349 2427 454 2488 plerique
461 2423 551 2486 omues]
568 2422 727 2487 Haecudjec·
763 2428 843 2473 mins.

196 2501 233 2552 tio
245 2502 352 2563 dicitur,
364 2503 389 2550 in
400 2502 482 2565 primo
494 2501 581 2564 positu
591 2502 667 2549 loeo:
682 2499 727 2548 sd·
797 2500 875 2562 Equos
886 2501 948 2549 olere
967 2506 1008 2549 out
1027 2517 1096 2550 cuues
1113 2504 1144 2551 uu
1160 2501 1227 2564 om]
1250 2503 1291 2551 De

191 2577 324 2640 jectioues
344 2590 416 2635 vero,
440 2583 485 2625 aut
505 2575 529 2623 iu
551 2574 633 2637 primu
652 2581 727 2636 purte
763 2577 855 2625 studiis
866 2577 1060 2627 adolescentum
1070 2579 1227 2641 Atticorum,
1238 2581 1291 2630 Iso-

198 2651 334 2714 orationis,
351 2659 395 2702 uut
407 2652 434 2700 in
453 2651 545 2700 ultiusu
563 2650 728 2713 adjiciuntur.
763 2653 842 2701 crutis
854 2653 998 2715 praesertim
1010 2669 1043 2701 ex
1060 2655 1246 2719 Areopagitica
1257 2657 1292 2704 io·

197 2729 251 2778 Hic
267 2742 329 2790 ergo
338 2728 451 2792 purique,
468 2725 671 2776 exabundsutiu
683 2741 728 2789 po·
763 2741 830 2790 curn,
854 2743 912 2777 cnm
932 2729 987 2777 aiiis
1009 2731 1171 2792 testimoniis,
1188 2739 1291 2780 annota-

194 2806 272 2855 situm
286 2813 340 2855 est:
353 2820 430 2853 omues
442 2795 513 2866 vero',
526 2802 671 2851 necessario
682 2802 727 2851 ud·
763 2813 824 2852 runt
836 2803 878 2852 Fr.
892 2803 1023 2852 Fabricius
1035 2812 1061 2853 et
1077 2805 1289 2869 Lindenbrogius.

196 2880 279 2930 ditum
292 2889 339 2930 est.
373 2881 409 2930 Et
429 2879 500 2942 aiibi,
516 2878 655 2928 ‘Cuiesces
670 2878 728 2942 pius
754 2878 859 2934 Hodie,
878 2879 921 2928 isti
941 2880 1013 2928 oetuti
1030 2894 1116 2942 canes,
1127 2881 1196 2945 equi,
1213 2883 1291 2943 paine·

194 2957 278 3007 sutis.'
322 2956 353 3006 In
377 2957 483 3017 ultisu03
508 2953 728 3013 sicut‚‘1ntereu
762 2961 817 3003 stru
828 2955 911 3004 adhuc
926 2955 952 3004 in
970 2957 1054 3020 pretio
1074 2966 1145 3006 sunt:
1163 2967 1190 3006 at
1209 2961 1292 3022 philo-

193 3033 256 3094 ioci,
270 3032 397 3083 interibi?
430 3030 602 3081 Attendendu
613 3038 655 3080 est
665 3045 727 3080 sune
761 3029 849 3092 sophin
857 3031 899 3079 vei
911 3031 1052 3094 spernitur,
1063 3033 1104 3081 vei
1115 3031 1290 3097 perfunctorie

193 3107 300 3168 incutio,
329 3109 398 3163 Quod
421 3109 524 3170 plerique
551 3122 638 3157 omues.
670 3107 726 3156 Aut
762 3112 899 3155 tractatur.
919 3108 1048 3157 Boeclerus.

193 3183 262 3235 enim
279 3186 340 3246 quod
359 3183 386 3231 iu
404 3200 456 3246 pute
472 3184 624 3235 vertendum
637 3190 685 3246 est,
696 3191 725 3233 ut
795 3181 870 3230 Cuneo
888 3185 918 3231 ud
936 3183 1074 3247 vtuuudem]
1092 3185 1176 3234 (lenes
1197 3187 1291 3235 venuti·

194 3261 237 3322 sit,
251 3261 312 3317 Quo
320 3261 425 3323 plerique
436 3277 521 3310 omnes.
556 3261 611 3311 Aut
622 3264 681 3325 quod
692 3262 725 3311 ud
761 3273 814 3318 cos,
832 3267 859 3308 ut
873 3261 963 3309 Leones
981 3265 1012 3310 uu
1024 3262 1115 3325 freno,
1134 3263 1160 3312 id
1173 3273 1223 3326 est,
1233 3263 1290 3314 frae·

192 3337 294 3400 singula
314 3350 402 3385 eorum
422 3337 564 3385 studiorum
582 3338 724 3400 adjungen·
760 3342 855 3386 natos:
871 3340 1104 3401 seruumudlims'uu
1122 3340 1149 3389 id
1166 3350 1215 3404 est,
1227 3346 1289 3392 utri·

193 3413 252 3463 dum
264 3414 323 3472 erit,
339 3413 441 3476 ‘Equos
454 3413 535 3471 alere,
548 3426 625 3461 canes
641 3411 724 3461 adve-
760 3428 867 3463 ensem:
884 3416 914 3463 osi
923 3431 1026 3477 murrum,
1035 3419 1065 3466 ud
1073 3421 1154 3481 pedes,
1161 3422 1203 3482 isc.
1213 3434 1289 3469 reuu-

191 3489 323 3541 nendum!
350 3489 405 3538 Aut
417 3496 490 3537 certe
502 3489 555 3537 erit
566 3487 676 3552 figurate
689 3489 724 3536 io·
760 3495 802 3538 tus
824 3495 909 3540 sutem
925 3493 969 3549 τῆς
987 3496 1114 3554 πολεμικῆς
1132 3493 1211 3557 μόριόν
1230 3496 1288 3558 ἐστι,

85 3604 100 3615 .
192 3567 275 3628 cutio,
285 3573 313 3615 ut
326 3573 365 3616 est
376 3565 455 3615 iilud:
473 3565 518 3614 ‘Si
530 3564 662 3629 quisquam
675 3570 725 3627 est,
758 3565 884 3628 μᾶλλονδὲ
893 3565 967 3618 εἰκών.
984 3568 1089 3619 Austid.
1107 3571 1251 3631 Furuubs'us.

192 3642 236 3706 qui
253 3643 357 3705 placere
376 3656 404 3690 se
422 3641 528 3691 student
547 3641 622 3690 bouis
639 3641 724 3692 Quum
791 3645 832 3694 Au
845 3645 1002 3710 philosophos]
1025 3648 1130 3710 Eiiipsis
1142 3650 1250 3712 pulchra
1262 3654 1289 3698 et

192 3717 318 3782 plurimis,
335 3723 362 3766 et
374 3718 476 3766 minime
495 3717 588 3766 multos
608 3716 721 3772 laedttre:
758 3719 892 3771 iumiiiuris
904 3723 1040 3773 Terentio.
1071 3725 1138 3772 Num
1156 3739 1288 3787 possumus

193 3795 225 3844 Iu
245 3795 284 3844 his
305 3792 383 3858 poeta
404 3794 446 3844 liic
469 3809 562 3843 nomeu
585 3792 722 3857 profitetur
758 3798 906 3862 subaudire,
922 3798 1063 3848 audiendos
1075 3798 1288 3850 siresectundos.

192 3869 282 3919 suum!
316 3870 351 3918 Et
370 3869 440 3932 stibi,
454 3868 582 3932 ‘Aperite
603 3874 721 3919 actutum
758 3872 877 3923 Donatus.

191 3942 392 3996 ostiumlldem.
761 3982 765 3987 -
789 3947 830 3996 Au
846 3947 1005 4012 ptuouptss]
1031 3948 1130 3998 Vitium
1151 3955 1211 4002 este
1227 3952 1287 4017 quis

207 4021 335 4082 „Pto-ique
352 4038 430 4072 omues
444 4021 553 4087 fuciunt]
578 4022 722 4088 ’Apxuiupis
758 4020 834 4082 dixit,
849 4025 882 4072 ud
898 4025 993 4087 aliquod
1009 4025 1120 4076 studium.
1152 4027 1239 4077 Atutsi
1252 4027 1287 4077 ud

191 4104 239 4146 est.
273 4097 341 4147 Num
352 4107 449 4162 errant,
461 4102 504 4165 qni
518 4102 624 4165 piusque
633 4098 720 4165 eupiu-
741 4105 744 4111 “
757 4099 927 4163 Philosophus
940 4116 948 4149 ι
964 4102 1108 4163 separanda
1125 4103 1223 4153 locutio
1235 4111 1286 4166 est,

191 4191 232 4222 κον
252 4173 419 4236 intelligunt:
445 4184 491 4226 unt
512 4179 556 4242 qui
578 4177 719 4228 subdissiu·
758 4175 795 4234 sic
807 4181 836 4224 ut
846 4176 958 4226 animum
969 4176 1112 4242 adjungant
1126 4179 1159 4230 sd
1171 4177 1286 4232 Philoso·

192 4255 274 4314 puunt
282 4249 396 4316 plerique,
406 4257 434 4303 et
450 4252 489 4304 sie
500 4251 719 4308 internum:
758 4250 832 4318 phos.
847 4252 923 4303 Idem.
