2676 4710
299 364 482 417 rensuum
507 364 730 414 simonior.
755 365 779 416 r.
799 365 856 415 ec.
880 366 937 414 111.
1083 350 1168 417 1061

64 512 163 562 undam
181 516 216 560 tx
234 511 342 562 adverso
356 512 504 562 venientem
519 524 599 575 prora
667 507 714 560 Sin
731 511 843 575 opitulor,
865 510 935 573 leisc
954 509 1044 574 mines]
1071 512 1167 563 Servus

61 600 118 638 non
145 587 291 651 exceperit,
312 588 447 658 demersos
474 587 550 637 untlis
571 586 598 635 in
634 586 677 637 hic
695 596 748 636 non
766 588 829 637 sinit
848 588 937 638 venire
953 588 1092 652 inparteus
1103 588 1169 639 deii·

64 679 172 727 pessnnt
192 663 265 713 soit:
292 669 333 713 est
352 679 415 728 crgo
436 662 596 727 metaphora.
635 663 776 714 hemionis
792 662 945 731 obsequium
960 665 1024 715 hero
1035 664 1168 731 debitum,

67 741 144 796 Idem.
228 770 235 779 ,
632 743 680 792 sed
691 742 835 806 periculum
847 752 875 794 et
886 742 1051 794 formidinem
1061 756 1166 808 pune:

97 816 300 881 Meostlsmtm]
318 819 411 868 Herem
426 817 597 881 eicientem
633 817 766 868 honestius
788 818 917 870 deliberat
933 820 1087 884 Pamphilus
1105 834 1127 870 1.
1138 826 1164 872 n.

66 892 154 943 fliium.
171 894 248 945 Iden
633 897 675 943 26.
687 899 715 942 et
725 898 766 945 tl.
784 895 914 946 Boeclerss.

96 969 204 1033 Homer]
223 969 340 1021 Herilesr
357 968 452 1034 tilium,
473 967 597 1035 Psmphi·
669 972 716 1021 Gai
732 970 803 1022 serlo
823 975 892 1039 dore]
912 971 989 1024 Veris
1003 973 1069 1033 iare,
1090 971 1165 1025 falls·

64 1046 127 1096 lum.
146 1045 290 1110 Farssiiss·
633 1048 676 1099 clu
696 1056 754 1100 est:
778 1056 806 1100 et
822 1049 886 1100 illud
904 1057 1017 1115 spectat,
1043 1049 1112 1100 Niltil
1128 1066 1165 1101 ore

98 1122 309 1187 Pesssm‘ilslsat]
333 1120 596 1189 Peroentpesmfi.
629 1123 708 1185 foliis
727 1126 856 1175 Donatus.

65 1212 90 1246 e.
105 1198 137 1246 ad
149 1198 240 1264 pedes,
249 1201 281 1250 sd
292 1201 371 1251 imrrm
382 1200 597 1265 praecipitabunt,
657 1201 823 1266 'Difficilc’sfl
840 1202 987 1266 Non'dicit,
1007 1203 1166 1266 impossibiie

61 1275 255 1332 amoenum
312 1279 436 1342 Mergent
469 1277 597 1328 funditus.
634 1285 685 1329 est.
707 1279 777 1341 Ergo
789 1280 916 1341 ostendit,
927 1287 1068 1343 pertense
1081 1281 1165 1345 sequi,
1196 1286 1202 1307 ‘

62 1354 191 1407 ‘Servom
209 1369 259 1421 ego
276 1362 361 1406 ratem
374 1345 431 1406 esse
443 1355 541 1406 emanti
550 1355 596 1404 he·
636 1370 694 1420 quae
704 1369 752 1418 pro
762 1355 898 1418 Pamphilo
907 1363 959 1405 est.
974 1355 1051 1405 Idem.

62 1444 103 1492 ro,
114 1446 217 1497 equum
230 1445 325 1499 censeo
336 1439 366 1482 nt
377 1433 482 1496 toleret,
493 1447 527 1482 nc
538 1447 597 1496 pes·
666 1431 777 1480 Primum
797 1431 862 1492 jam]
886 1431 985 1490 Primo,
996 1431 1093 1495 inquit,
1108 1431 1165 1494 jam

63 1521 120 1557 sum
130 1507 225 1560 aisse
256 1508 345 1558 Piaut.
355 1509 417 1560 Ani.
427 1523 467 1559 iv.
474 1513 498 1558 1.
509 1508 596 1559 ‘Qus-
635 1505 751 1557 infeusus
770 1514 811 1556 est
830 1520 926 1555 senex:
943 1506 1038 1555 deinde
1055 1521 1071 1554 a
1088 1506 1166 1556 Pum-

61 1581 123 1631 siin
135 1582 263 1646 piscinam
282 1591 341 1633 rete
360 1582 405 1647 qui
419 1584 535 1646 jaculum
550 1597 595 1647 pn
635 1586 706 1651 philo
719 1586 826 1649 gravida
837 1594 878 1635 est
890 1586 1053 1650 Glycerium.
1070 1588 1147 1637 lieu.

59 1659 251 1710 rsts'Quando
269 1659 335 1709 sbiit
351 1667 408 1710 rete
419 1673 532 1724 pessum,
542 1667 595 1711 tour
666 1663 776 1712 Primam
785 1662 849 1726 jum]
864 1661 950 1726 Ὕφένι
969 1670 1010 1714 ost
1026 1663 1095 1722 cuim
1111 1664 1164 1714 tro·

61 1734 175 1784 adrincit
186 1733 288 1786 sinum.²
320 1734 407 1786 Plaut.
417 1735 524 1787 Trioni.
541 1744 594 1789 sot.
620 1737 735 1803 ormi,
748 1754 793 1802 pro
802 1739 858 1803 jam
868 1741 987 1804 primum.
1006 1742 1082 1792 idem.

60 1825 81 1860 r.
93 1825 134 1860 sc.
147 1814 172 1861 l.
189 1811 265 1860 Irieus.
505 1852 509 1857 .
667 1817 709 1864 De
719 1831 797 1865 umore
808 1816 862 1880 trac]
879 1817 1028 1881 Hocumors,
1044 1817 1164 1881 sic,qns·

93 1889 435 1955 tPampltlamsertjstem,
452 1906 484 1940 αι
502 1893 593 1942 smerd-
633 1895 726 1944 sicum
746 1894 826 1943 tedio
845 1902 872 1945 et
891 1894 1090 1958 reprehensione
1106 1893 1163 1958 ejus

60 1965 184 2030 moeni]
211 1967 320 2031 Semper
330 1968 500 2018 deliberativa
515 1968 595 2018 verba
634 1972 865 2036 umorisloqustur.
881 1971 959 2021 Idem.

61 2041 163 2092 hsbent
184 2043 313 2107 quendem
330 2057 430 2106 sonum,
449 2058 498 2107 per
517 2043 594 2109 quern
664 2046 878 2110 tMejm'easss]
893 2048 1002 2099 Scilicet
1020 2047 1053 2096 de
1076 2060 1164 2096 umore

58 2121 149 2171 exitus
167 2122 207 2172 rei
224 2121 428 2174 demonstratur:
450 2131 479 2173 nt
495 2124 537 2175 irie
554 2140 595 2175 os·
632 2125 687 2189 filii,
704 2138 785 2174 senex
800 2139 842 2173 me
853 2130 949 2187 serrat,
967 2130 996 2174 et
1012 2137 1040 2173 re
1057 2121 1164 2173 serati·
1197 2144 1201 2151 ·

61 2198 158 2263 tendit,
175 2214 205 2249 se
221 2199 384 2264 Pamphilum
396 2200 479 2266 magis
490 2200 594 2266 adjutu·
632 2202 741 2252 urendus
752 2209 802 2251 cst.
819 2200 896 2251 Idem.

62 2290 129 2340 rum,
141 2291 218 2341 quam
230 2277 392 2327 serbissenis
401 2276 594 2342 obtemperetu-
665 2277 765 2341 Samot]
774 2275 902 2328 Φυλάττιι.
920 2278 998 2327 Idem.

61 2368 128 2405 rum.
144 2355 262 2404 Donatus.
666 2355 704 2403 Ns
716 2351 890 2415 qsumsscism]
902 2352 962 2400 Hoc
974 2350 1008 2400 sd
1017 2349 1081 2398 illoti
1091 2362 1164 2412 spec·

94 2435 110 2478 5
128 2429 159 2480 St
177 2430 245 2479 illum
262 2429 379 2494 relinquo]
395 2429 514 2480 Partinm
527 2437 594 2482 trae
633 2436 684 2492 tat,
700 2430 783 2477 ‘Tum
805 2428 827 2474 si
848 2428 905 2490 quis
922 2425 1073 2488 megistrnm
1089 2425 1164 2489 cepit

28 2556 32 2563 ,
63 2514 214 2572 tutus,qnoe
226 2520 307 2570 snpra
317 2515 384 2564 sunt,
396 2508 593 2570 Pamphilumne
633 2502 971 2567 adeemremimprobum.'
987 2503 1064 2552 Idem.
1132 2550 1134 2555 .

62 2580 189 2649 adjutem,
202 2597 236 2632 an
247 2583 391 2632 auscultem
403 2581 468 2630 seni.
485 2582 561 2632 idem.
664 2586 681 2631 9
698 2581 751 2638 Quo
761 2579 923 2643 juremus
938 2578 1039 2644 injurio]
1050 2580 1161 2630 Prover-

98 2659 162 2710 Vitoe
181 2659 232 2720 qius
252 2657 335 2720 timeo]
371 2659 409 2708 Ut
430 2658 501 2722 alibi,
523 2659 594 2724 Syre,
632 2657 829 2707 biaiehocest:
845 2655 1014 2720 proliciunt,
1028 2653 1162 2707 fssetns·

60 2733 370 2785 tiiitimoimsle.1dem.
632 2732 842 2797 fss,noliaseiis.
860 2733 936 2782 idem.
1031 2762 1035 2771 ·
1111 2727 1116 2738 ’

94 2809 223 2872 meite
232 2810 316 2872 timeo]
335 2811 406 2869 Vita,
418 2810 488 2874 apud
499 2811 594 2861 Teren·
666 2811 720 2867 Quu
730 2810 796 2872 jure,
811 2824 900 2872 qscqso
910 2808 1008 2870 irrisorio,
1015 2803 1162 2872 precipitem

61 2886 126 2936 tium
149 2886 220 2950 dico,
237 2901 331 2936 novem
348 2892 394 2937 sut
408 2886 500 2938 decem
519 2887 594 2946 iocis,
631 2890 659 2939 ia
667 2887 796 2953 pistrinum
804 2885 883 2948 uniit]
900 2887 996 2935 Melius
1007 2887 1032 2934 in
1045 2886 1162 2934 editione

62 2962 201 3029 significet,
214 2979 265 3013 non
276 2963 303 3012 iti
315 2963 382 3028 quoti
394 2964 497 3014 Gallice
509 2970 595 3028 sonet,
632 2965 764 3018 Gabrieiis
774 2962 877 3025 Fuerui,
889 2963 940 3012 sic:
961 2963 1016 3018 Quo
1025 2961 1091 3022 jure,
1103 2975 1160 3023 quu-

61 3039 107 3089 sed
119 3041 246 3106 quietem,
261 3041 488 3105 tranquillitatem,
500 3042 594 3092 bonam
631 3057 674 3105 quc
684 3041 784 3106 injuria,
790 3036 936 3102 precipitem
944 3036 1025 3087 Misia
1034 3037 1162 3100 pistrinus

60 3116 291 3180 existimationem,
309 3126 337 3166 et
352 3128 483 3184 quorsum
494 3120 595 3184 eedem,
632 3117 707 3167 osttc
740 3116 833 3178 Neque
850 3127 940 3162 versus
962 3127 1020 3164 suos
1041 3126 1160 3164 numeros

63 3193 273 3244 anthissiuriiin.
311 3194 595 3261 Atinesresuntqui
633 3207 665 3243 eo
685 3193 770 3241 minus
789 3189 919 3240 hebuerit.
951 3191 1020 3240 Num
1037 3189 1161 3254 synizesis

62 3269 191 3321 interdum
210 3277 307 3334 errent,
325 3278 357 3321 nt
372 3271 450 3321 valde
466 3273 594 3336 periculo-
631 3268 751 3319 fueritin
770 3273 901 3331 postrema
916 3267 1016 3330 syliabs
1032 3267 1106 3329 hujus
1117 3280 1162 3314 vo·

62 3360 120 3394 snm
131 3352 169 3395 est
181 3346 300 3411 antiquos
313 3347 454 3411 scriptores
466 3349 594 3411 interpre·
633 3347 671 3396 cis
692 3345 790 3408 iniuria.
834 3344 894 3395 Scio
916 3344 1020 3409 quidem
1038 3343 1065 3391 in
1083 3342 1161 3392 editi·

63 3423 126 3479 teri,
136 3429 164 3472 et
173 3436 216 3472 eos
228 3436 344 3472 sermone
355 3431 446 3472 nostro
456 3425 595 3489 loquentes
634 3438 683 3473 one
702 3423 802 3474 Mureti
820 3422 912 3471 obesse
932 3420 1001 3470 istud
1022 3419 1085 3479 Mis;
1112 3416 1160 3467 sed

62 3497 162 3549 fecere.
174 3497 223 3547 ‘Iri
235 3498 299 3548 satis
307 3503 348 3547 est
357 3498 487 3547 monuisse
496 3502 597 3563 semsl;
633 3505 662 3548 et
672 3499 722 3549 hoo
740 3512 791 3548 non
807 3499 908 3561 ignoro,
928 3496 1061 3545 Muretum
1077 3493 1160 3542 multa

63 3582 91 3624 tn
112 3580 203 3625 cetera
225 3588 274 3639 per
292 3579 320 3623 te
337 3574 400 3637 Ipse
416 3588 514 3623 memor
525 3575 595 3627 incili
632 3573 716 3623 siiriin
728 3573 774 3622 ilis
785 3588 832 3623 sua
843 3573 960 3622 editione
971 3569 1119 3635 permisisse
1131 3573 1161 3618 ut

60 3652 161 3718 poteris
172 3664 331 3715 cognoscere
342 3648 529 3704 curm'fuler.
633 3663 723 3698 versus
750 3649 881 3698 molliores
901 3647 1011 3697 faceret.
1044 3647 1095 3697 Hic
1123 3645 1160 3695 illi

95 3727 144 3778 Sin
151 3726 265 3792 opitulor]
280 3726 368 3789 Opem
379 3722 451 3774 ferre
463 3724 560 3776 dicitur
569 3729 595 3779 in
632 3723 757 3774 messuit.
776 3725 862 3774 Faber.

62 3805 136 3855 melis
148 3805 237 3866 rebus,
248 3810 276 3852 et
286 3801 317 3851 iis
326 3801 371 3866 qni
381 3800 415 3850 ‹ie
426 3801 512 3852 sainte
524 3802 596 3854 dubii
667 3801 720 3856 Quo
729 3801 785 3862 jure
795 3815 886 3864 quaerre
895 3798 997 3862 inuria]
1013 3796 1059 3845 Kal
1069 3793 1161 3846 emulor

61 3889 140 3931 sunt:
156 3886 198 3942 nt,
213 3879 284 3928 ‘Fer
304 3890 390 3942 opem,
408 3890 483 3928 serve
496 3893 537 3929 me
549 3881 594 3930 ob·
633 3874 739 3940 ciliane,
755 3875 942 3937 Aristophanes
961 3875 985 3923 in
999 3874 1095 3922 Pluto:
1112 3871 1159 3921 ubi

63 3956 157 4008 secto!
191 3954 318 4020 Opitulor
332 3960 361 4004 et
371 3954 509 4026 opitulatio
524 3956 594 4008 dictu
631 3954 807 4003 Scholiastes:
831 3948 954 4013 irrisuri,
979 3947 1050 3998 sarri
1071 3947 1158 4014 spospa

63 4034 96 4084 sb
107 4048 184 4098 opem
205 4030 331 4091 tollendo,
349 4030 461 4094 incest,
476 4030 592 4085 ferendo.
631 4027 704 4078 siros
714 4026 826 4078 Ἀττικοί.
851 4027 986 4076 Donatus:
1001 4025 1160 4077 ‘Proverbi-

62 4109 184 4160 Douotrrs.
632 4108 739 4157 aieest:
755 4100 1157 4170 qualiosnut,fssetnefss,no·

62 4213 65 4217 ·
97 4186 178 4248 Hujus
195 4183 287 4249 πίω]
324 4182 493 4250 Subseditur,
513 4187 593 4238 timeo.
631 4183 663 4231 iis
685 4180 765 4245 veiis!
796 4177 874 4229 Adde
893 4178 1009 4231 'eundern
1037 4181 1069 4230 sd
1093 4178 1158 4229 ilintl

64 4251 154 4324 idem·
479 4331 482 4336 ³
631 4257 746 4323 Adelph.
758 4270 785 4309 v.
795 4260 821 4309 it.
839 4255 927 4321 ‘juste
939 4257 1036 4325 injusta
1052 4262 1158 4324 prorsus
