2676 4710
257 335 438 409 urrunnu
465 332 635 384 nunnoni.
656 330 741 385 tur.
764 334 813 384 iv.
837 337 890 387 su.
913 338 964 386 iv.
1073 318 1159 392 1249

102 476 252 537 Venerem,
272 476 356 540 sm]
384 475 502 528 veterno
523 477 593 528 tubo·
632 478 705 539 ritus,
723 483 903 543 cumuletque
921 421 1036 529 {nlihturss
1052 479 1126 533 [dem.

62 565 136 613 runs,
147 555 331 613 somnolentus,
339 554 422 617 niger.
439 554 515 604 idem.
664 550 823 618 Rerumdsut]
840 555 970 616 Purogu
985 556 1038 605 Pu.
1054 559 1159 610 uenistin
1221 586 1223 590 ·
1301 560 1306 567 ’

96 631 131 677 28
149 628 234 676 Colore
249 627 395 690 mustelliuo]
420 629 525 679 Erravit
546 629 595 678 Te·
630 629 699 679 tonte
714 633 746 678 ud
762 635 820 680 nor?
833 630 916 694 negot]
932 633 999 680 Sunt
1015 633 1159 698 quisepte·

60 706 234 760 rentins‚nou
246 705 392 768 intelligens
399 705 595 755 Menandricum
631 705 730 754 nummu
747 706 884 754 iambicum
904 709 971 756 huuc
988 706 1096 760 fuciunt.
1113 725 1159 761 uos

61 780 143 842 illud,
153 777 222 830 ohrdr
231 781 299 830 loru
307 780 431 843 γαλεώτης
445 780 528 844 γέρων.
547 779 595 830 Ait
632 781 710 830 etium
726 783 851 830 senarium
861 788 892 831 ut
902 788 1003 832 eeteros
1012 797 1068 834 esse
1086 800 1159 850 porse

62 863 154 906 nutem
177 856 330 919 stellionem,
350 857 445 907 uuimul
465 858 532 922 quod
559 857 594 905 ln·
632 857 803 920 arbitramur3
831 867 965 910 contracto
988 874 1036 925 per
1060 864 1160 925 synice-

62 941 147 984 certe
166 949 217 983 uun
240 935 363 984 dissimile
391 941 441 998 est,
466 936 595 984 maculoso
632 933 681 996 sin,
690 935 868 996 respondent,in
881 943 934 984 tres
946 937 1078 999 syllabus:
1096 945 1123 988 nt
1131 940 1159 988 iu

63 1011 156 1061 corio:
181 1026 277 1074 nempe
301 1012 334 1059 sd
352 1010 379 1059 id
401 1024 483 1075 genus
497 1010 595 1060 coloris
631 1024 698 1072 rogo,
707 1011 851 1074 posteriore
861 1021 997 1077 correpta:
1013 1021 1042 1063 ut
1053 1017 1160 1066 Martie·

62 1085 148 1137 facies
169 1087 323 1150 exprimitur
340 1088 520 1137 Eunuchornm
538 1100 596 1137 cnr·
632 1086 680 1135 lis:
711 1087 759 1136 ‘In
787 1089 851 1138 solio
868 1096 932 1153 putu
956 1096 982 1139 te
1010 1091 1100 1141 Marce
1125 1086 1160 1142 ni·

63 1164 148 1228 poris,
159 1165 218 1227 quia
236 1164 352 1228 plerique
368 1164 516 1227 lentiginosi
526 1169 596 1212 suut.
633 1177 695 1212 vare
705 1164 803 1226 caput!
820 1165 936 1215 Fuimus.
1015 1180 1021 1193 ’

65 1240 139 1291 Hinc
156 1255 219 1303 ergo
244 1241 341 1290 errarit
362 1240 431 1304 ideo,
449 1241 512 1305 quin
530 1241 596 1301 γαλῆ
664 1243 697 1288 26
712 1239 750 1289 Ar
766 1242 808 1290 ille
822 1240 971 1304 ultervenit]
988 1244 1162 1306 Beueinstut',

64 1318 183 1368 Mustellu
193 1317 299 1381 dicitnr,
308 1316 432 1379 ‘funebriis
442 1318 534 1368 Stellio
554 1317 597 1367 ‘ni
632 1316 706 1380 qussi
717 1331 750 1364 ex
758 1324 835 1379 parte
848 1319 904 1380 jum
915 1318 1058 1368 obtinuerit
1070 1321 1160 1384 Pythi-

64 1394 122 1459 παρ’
132 1392 293 1458 Ἀριστοφάνει
303 1392 457 1457 tusculum,
467 1393 543 1452 ἥσθην
552 1409 597 1454 γα·
634 1407 671 1442 es.
689 1392 807 1443 Beretum.

64 1470 146 1536 huden
164 1469 326 1531 καταχέσαντι
351 1469 495 1535 torpuimus.
539 1471 596 1532 Ego
664 1468 755 1532 Annos,
769 1470 823 1532 iso]
844 1471 940 1520 Errare
963 1475 1049 1535 notuit
1069 1474 1161 1538 Pythi·

64 1546 226 1596 Adesiouem
248 1560 349 1612 sequor,
368 1549 413 1612 qui
434 1552 507 1596 recte
522 1546 597 1594 iutel-
635 1545 722 1605 unsel
733 1546 822 1607 etism,
833 1561 881 1610 per
895 1548 998 1612 μείωσιν,
1011 1550 1100 1602 voluit.
1118 1566 1161 1600 ne-

64 1621 143 1678 lexil,
161 1621 310 1670 Terentium
328 1623 462 1685 scientem,
471 1620 596 1671 mrustelll·
634 1637 683 1687 que
703 1639 728 1672 n.
750 1625 859 1675 cumea
879 1631 963 1690 potuit
980 1643 1036 1677 esse
1059 1631 1163 1693 publice

64 1713 101 1751 tro
118 1700 205 1748 colore
218 1700 368 1748 Eunuchum
382 1699 479 1747 dixisse
498 1699 597 1747 coloru²
634 1705 721 1748 custos
740 1700 767 1747 iu
787 1701 875 1751 Piroeo
892 1708 951 1752 unte
975 1718 1068 1754 sunum
1092 1706 1164 1755 deci

66 1767 135 1835 tuum
143 1775 216 1824 velut
227 1774 372 1824 sublivido:
390 1775 452 1838 quia
469 1788 531 1823 vere
546 1774 597 1822 Eu·
628 1786 702 1822 -mum
713 1788 818 1838 nouum,
832 1779 872 1826 nel
889 1779 1016 1829 ‹lecimum
1036 1790 1164 1845 octonum,

66 1850 145 1902 nuchl
168 1856 214 1898 unt
236 1864 269 1900 ex
289 1849 488 1900 candidissimls
497 1848 598 1911 lentigi-
634 1850 775 1910 minimum,
788 1860 817 1903 nt
829 1855 926 1905 dictum
939 1872 1018 1922 snpra
1029 1858 1061 1928 ud
1073 1867 1124 1910 not.
1132 1868 1163 1910 ιι.

65 1940 124 1975 nom
116 1925 210 1987 'finnt,
222 1933 252 1981 ut
262 1940 295 1975 ex
312 1926 404 1987 (loliis,
415 1934 443 1972 et
454 1921 598 1987 hujusmodl
635 1940 671 1975 se.
679 1931 704 1979 t.
731 1929 872 1981 Fomubr'us.

66 2000 292 2051 occidentalium:
309 2008 399 2051 nutex
418 2000 598 2063 internuntii
665 2006 698 2051 2⁷
715 2005 770 2065 Age
784 2008 1079 2073 dummosmslussnedr]
1097 2010 1164 2061 Herc

22 2086 25 2091 '
66 2078 131 2138 uui,
142 2085 173 2127 ut
181 2092 215 2126 ex
227 2077 364 2142 Armeniis,
374 2086 403 2128 et
413 2078 470 2127 eliis
484 2077 597 2127 oriente·
634 2077 759 2128 Plautina
778 2093 847 2142 snut,
857 2098 915 2133 curn
935 2085 961 2134 lu
982 2086 1073 2136 iisdem
1089 2089 1165 2150 longe

66 2152 144 2214 libus.
168 2153 243 2204 Idem.
589 2180 592 2185 ·
634 2153 668 2202 sit
684 2155 844 2217 disputatio:
863 2160 908 2208 sed
926 2162 989 2210 mire
1005 2177 1022 2211 u
1040 2164 1165 2213 Terentio

101 2229 186 2279 Colore
202 2230 346 2294 mustellino]
371 2230 440 2280 Vide
459 2233 557 2281 Douut.
570 2236 597 2280 et
636 2227 804 2291 proferuntur
823 2232 856 2281 ud
873 2235 928 2297 ejus
948 2237 1104 2299 exemplum,
1127 2245 1166 2300 et,

66 2303 168 2370 ouyet
184 2306 313 2356 Burrum.
411 2316 415 2327 ¹
635 2307 1165 2376 quodmtplm,careutl'lmttnlsuugis:

99 2381 252 2444 mollitio]
270 2383 431 2444 Menander3
458 2379 525 2434 οὗτός
546 2385 599 2432 ἐστι
635 2383 754 2432 Donatus.

66 2458 286 2523 ommino».
309 2460 453 2510 Curfucies
472 2462 598 2525 lentigine
668 2458 812 2522 Agedum]
837 2461 913 2523 Dum,
935 2460 1053 2526 nupturos
1072 2468 1122 2525 est,
1137 2471 1167 2514 et

66 2537 209 2592 maculoso.
219 2537 479 2586 utstellionicorium.
503 2537 598 2587 Desen·
636 2535 744 2599 adjuvat
755 2551 788 2585 ex
799 2550 885 2586 eurmo
895 2539 1051 2603 loquentem
1066 2541 1142 2590 Idem.

66 2611 110 2661 dit
128 2611 267 2662 Turnebus
290 2614 436 2662 Terentium
460 2614 598 2677 reprelieu·
668 2615 779 2676 Agedum
787 2617 830 2664 hoc
845 2615 904 2664 milri
915 2618 1012 2680 expedi]
1028 2619 1166 2668 Donatus:

66 2702 136 2750 sum,
158 2688 227 2752 quod
243 2689 403 2737 mustellinum
421 2690 531 2738 colorem
551 2705 599 2754 pro
637 2691 726 2739 ‘Huc
744 2691 883 2752 Plautinn,‘
908 2696 956 2739 &c
989 2691 1121 2742 Quantum
1140 2695 1165 2744 in

65 2765 203 2814 stellionum
225 2765 355 2826 vertisset,
368 2766 412 2813 lib.
435 2779 486 2812 xu.
515 2781 540 2814 e.
559 2769 598 2816 1⁰.
637 2764 769 2828 plerisque
790 2764 907 2814 omuibus
929 2766 1051 2816 Plautum
1079 2770 1167 2821 vincat

65 2834 211 2891 Fmelrit's.
635 2840 781 2902 Terentius,
792 2847 819 2890 et
830 2842 936 2890 meliora
945 2843 1166 2910 imitandofaciat,

106 2922 140 2967 23
161 2919 194 2967 Ut
206 2916 262 2980 quid
272 2917 370 2978 egerim,
386 2920 477 2977 egomet
488 2914 601 2980 nesciunt]
637 2929 694 2979 qure
719 2916 780 2965 iude
808 2917 1011 2978 transferuntur,
1032 2920 1094 2967 alius
1117 2935 1166 2970 nou

66 2998 124 3047 Pro
135 3008 187 3043 uon
198 2994 366 3054 meminerim,
385 2992 426 3040 rel
443 3005 495 3041 uon
511 3005 600 3055 agnos·
638 3006 717 3054 parce
729 2991 968 3042 demonstrabimus.
984 2994 1114 3046 Boeclerus.

67 3088 136 3125 cern.
154 3073 273 3120 Donatus.
670 3072 703 3117 28
728 3069 812 3132 Taces]
835 3069 870 3118 Et
893 3078 965 3118 recte
988 3077 1077 3121 tacet:
1107 3074 1167 3136 quin

101 3154 135 3200 rt
156 3150 207 3197 Eho
224 3152 261 3210 ιιι,
277 3147 346 3197 ensin’
357 3146 447 3209 egote]
464 3147 533 3195 Miro
551 3153 602 3195 sto·
639 3145 734 3194 metuit
743 3145 886 3193 cumeum.
904 3147 1021 3196 Donatus.

66 3228 161 3278 murino
173 3227 241 3290 quod
257 3226 313 3290 ipse
324 3225 398 3286 iecit,
410 3224 437 3274 id
454 3240 485 3273 ex
497 3225 548 3273 ulio
559 3237 601 3273 co·
671 3226 704 3272 29
721 3223 857 3270 Monstrum
868 3222 982 3288 huminis]
997 3225 1068 3272 Beue
1080 3223 1168 3274 Eunu·

66 3312 149 3355 netur
167 3302 276 3351 audire:
294 3306 322 3352 et
337 3301 419 3349 donec
436 3300 600 3363 haecsudiut,
639 3299 687 3348 clio
709 3299 863 3348 dictumest
890 3300 1025 3348 Monstrum
1052 3300 1168 3350 hominis:
1252 3300 1254 3305 '

67 3399 103 3434 ιιιι
116 3384 165 3432 lion
176 3380 280 3442 feeerit,
290 3379 403 3429 dubitat.
421 3381 495 3428 idern.
638 3376 687 3426 hoc
702 3382 752 3437 ert,
765 3389 814 3424 uec
834 3388 896 3438 mes,
911 3390 960 3424 nee
977 3374 1082 3425 foemiun
1101 3379 1168 3426 exis·
1255 3383 1259 3393 ’

102 3454 602 3519 Jnlrcmlhidenuorespondeot]Honest,
639 3458 707 3500 teus.
740 3452 831 3500 sicet
852 3451 1061 3514 supru‚‘senem
1078 3451 1169 3501 mulie·

67 3536 138 3602 quod
150 3537 177 3585 iu
194 3534 337 3584 Rhetoricis
348 3533 442 3583 Cicero
454 3532 500 3596 nit,
519 3532 601 3580 ‘Com
639 3528 702 3578 rem’
713 3529 788 3581 dixit.
806 3530 882 3580 Idem.

67 3621 112 3662 tre
133 3608 234 3660 firmam
253 3609 510 3673 argumentationem,
525 3608 602 3657 elisus
671 3606 815 3662 Monstrum,
825 3605 879 3669 lm]
896 3605 1019 3668 Bene,de
1031 3603 1169 3663 Eunucho:

68 3700 146 3753 neque
154 3686 294 3736 firmiorem
305 3686 459 3748 opponimus
468 3684 483 3732 :¹
493 3687 550 3733 haec
561 3690 602 3732 est
640 3683 684 3746 qui
695 3697 778 3747 neque
800 3697 863 3744 mnu,
880 3696 964 3748 neque
980 3679 1093 3732 foemiuu.
1108 3681 1169 3730 Fur·

68 3771 157 3814 antem
166 3760 334 3828 reqnsfirms.
368 3756 601 3822 Denuoaurtem,ud
638 3758 729 3806 nulius.

69 3841 211 3904 respondent
223 3839 348 3902 pertinet,
358 3852 410 3885 nou
419 3836 451 3885 ad
461 3838 528 3897 jule.
546 3836 586 3885 Id.
672 3837 703 3882 30
729 3833 814 3896 Modo]
833 3835 904 3883 Note
922 3835 989 3882 modo
1010 3839 1100 3897 aperte
1121 3846 1169 3895 pro

104 3917 191 3965 Denuo
206 3913 355 3976 respondent]
372 3913 522 3973 Jubevero,
540 3910 602 3961 milri
640 3908 775 3972 pruterito
797 3915 914 3972 tempore
941 3910 1038 3958 dictum
1058 3924 1125 3971 esse,
1143 3908 1170 3958 id

68 3991 157 4040 denuo
168 3988 333 4054 respondent,
344 3988 538 4052 intelligendum
553 3994 601 4038 est.
640 3993 690 4046 est,
706 3984 868 4047 jamdudum.
890 3998 948 4034 narn
967 3985 1009 4049 qul
1031 3985 1171 4036 nltlurerut
1223 4006 1229 4011 ·

70 4069 151 4118 laem,
640 4063 775 4125 virginem,
791 4075 841 4109 uon
857 4062 943 4123 modu,
958 4062 1002 4110 sed
1014 4062 1089 4125 longe
1109 4069 1170 4113 aute

104 4151 135 4195 25
156 4142 237 4207 Rogo]
259 4143 327 4195 Mire
351 4141 487 4206 utriusque
508 4140 603 4190 fiducie
640 4147 737 4189 uestem
755 4139 866 4188 mutavit
884 4153 942 4187 curn
959 4138 1084 4188 Eunucho
1095 4139 1172 4190 Pnu-

69 4221 257 4277 conseruerunt
271 4218 340 4283 apud
358 4226 495 4285 utrumque
508 4223 549 4268 est
559 4231 602 4267 ve·
641 4216 713 4265 drlae.
727 4216 844 4266 Donatus.
882 4250 886 4256 -

142 4301 233 4366 Dclpi.
242 4306 267 4351 el
279 4301 336 4351 Vur.
347 4300 411 4348 ctus.
579 4297 674 4349 Terent.
1044 4298 1061 4345 ι
1077 4288 1102 4344 K
