2676 4710
318 314 498 367 rsnnurn
525 316 693 369 uuuucn.
715 318 799 368 nor.
825 319 1022 372 11.sc.1u.
1123 306 1210 378 1203

108 460 144 531 lis
155 460 230 511 venit
241 461 297 512 lsaec
309 461 458 513 declinatio.
474 463 550 512 Idem.
682 463 729 514 dic.
744 463 827 514 Idem.

125 548 126 553 ¹
148 531 241 586 ‘Wnet'o
248 535 391 601 pedorem
399 539 500 601 gracile
507 538 580 601 sieut]
590 539 647 602 Op·
716 540 785 589 Nouo
791 540 876 604 figora
885 540 945 604 oris]
962 543 1056 594 Laudis
1068 560 1148 609 genus
1159 556 1208 612 est,

109 621 229 676 portum
248 629 281 662 ex
300 613 400 664 Galeno
423 615 540 680 quaedsm
563 613 648 665 adfert
682 628 750 678 mou,
771 616 831 680 quio
849 617 961 681 dixerat,
976 621 1087 672 ‘Taedet
1103 624 1209 675 cotidie·

111 690 148 738 de
161 689 211 738 hac
228 704 255 738 re
272 691 315 741 do.
326 691 446 741 Weizius.
463 691 530 741 adde
546 691 579 741 de
591 697 648 741 toto
683 702 773 740 norsum
784 693 875 744 harum
886 693 1043 748 formarum!
1058 700 1134 748 Idem.

111 765 176 815 loco
186 765 245 817 Jos.
254 767 382 828 Soelig.in
392 769 574 833 Coniectaneis
583 769 648 818 Ver·
719 768 801 831 Pupoe]
817 769 973 834 Interjectio
989 774 1055 823 mira
1069 777 1157 826 subito
1169 791 1211 826 ec·

110 841 239 892 nolanis.
256 843 386 895 Boeclerus.
684 845 817 909 cipientis.
834 850 909 902 Idem.

150 917 406 983 Vinctopeetore,85e.]
418 918 646 985 sempeternus,
715 926 749 971 26
767 924 929 989 Colosseros]
946 927 1078 979 Quionon
1096 928 1129 979 de
1148 943 1210 979 curs

112 1007 178 1044 sons
186 994 298 1044 filiorum
309 995 465 1046 sororiantes
474 997 597 1046 mamillas
606 1011 648 1046 co·
684 1005 725 1049 est
736 1015 767 1049 se
778 1000 812 1050 de
823 1000 895 1066 fuco,
913 1003 941 1053 id
952 1010 1001 1062 est,
1012 1007 1148 1071 naturalis,
1158 1021 1210 1058 non

111 1071 240 1124 bibebant
256 1080 360 1132 matres,
376 1081 406 1124 ut
422 1075 532 1139 graciles
550 1082 647 1138 esseut,
683 1073 795 1127 fucatus.
810 1079 888 1129 Idem.

113 1147 267 1198 Marcellus.
290 1149 419 1213 cogebant
439 1158 467 1198 et
487 1164 545 1199 rore
568 1151 647 1213 vesci,
718 1154 788 1202 Color
811 1154 898 1218 ¹nemu]
936 1157 976 1205 Ex
996 1158 1059 1205 coloe
1079 1171 1092 1206 r
1110 1157 1209 1208 eliden-

112 1231 238 1290 tanuem
250 1225 332 1274 cicad.
347 1225 407 1276 vids
423 1225 561 1289 Plutspch.
577 1225 603 1275 in
614 1223 647 1275 ul·
683 1227 754 1290 dum,
765 1235 794 1280 ut
805 1231 832 1279 in
843 1231 925 1295 prims
935 1233 1043 1294 sederit
1053 1243 1209 1296 anapestus.

110 1297 173 1349 eiam
182 1301 303 1363 φυσικαῖς.
323 1301 467 1350 Farnobium
684 1305 802 1355 ememus.
887 1332 892 1343 ·

145 1392 179 1437 23
197 1387 283 1450 Sipus
300 1393 336 1437 est
352 1388 456 1437 deditior
469 1388 553 1452 melo]
569 1389 645 1439 Unde
717 1382 808 1444 Corpus
818 1381 929 1445 solidum]
940 1383 1009 1436 Quia
1018 1399 1069 1434 non
1080 1385 1209 1436 vitiatum.

112 1470 141 1514 et
152 1463 265 1513 hebitudo
283 1463 394 1513 dicitur:
414 1470 452 1526 ut,
466 1465 475 1493 ⁴
488 1464 554 1515 Ques
575 1463 645 1513 lubi-
683 1459 801 1508 umato.

113 1542 180 1591 tudo
192 1547 233 1589 est
245 1538 385 1603 corporisi'
403 1555 461 1589 usur
473 1540 585 1604 deditior,
601 1556 645 1603 sp·
717 1537 809 1600 Corpus
824 1535 936 1598 solidum]
958 1537 1068 1587 Plenum
1088 1546 1114 1588 et
1131 1538 1210 1602 forte,

112 1617 167 1666 tior
184 1617 350 1679 intelligitur.
371 1622 409 1678 ut,
432 1616 576 1680 ‘Namque
599 1615 645 1665 hu·
682 1609 710 1659 id
721 1618 770 1674 etl,
785 1610 990 1662 nonflaccidum.
1007 1615 1081 1663 Idem.

112 1692 195 1742 meris
206 1691 240 1740 de
256 1705 326 1739 more
345 1691 457 1741 habilem
474 1692 646 1753 suspenderat
719 1689 809 1750 Corpus
829 1688 939 1751 solidum]
956 1690 1049 1739 Lucilii
1068 1704 1110 1740 rx.
1127 1690 1209 1740 citon-

112 1765 224 1816 orcum!
254 1767 324 1830 Ergo
334 1767 438 1815 deditior
448 1766 585 1830 legendum
597 1772 646 1819 est.
684 1767 728 1811 tur
744 1778 759 1810 a
774 1764 877 1813 Nonio:
894 1768 902 1794 ⁴
916 1765 968 1814 Hic
988 1780 1081 1828 corpus
1098 1766 1209 1819 solidum

111 1843 236 1894 Donatus.
683 1839 807 1903 invenies,
826 1839 867 1888 uic
885 1848 956 1888 sture
973 1841 1082 1903 papillas
1094 1843 1209 1892 Pectore

148 1918 264 1968 Hubitior
273 1917 356 1981 poulo]
374 1918 548 1981 Corpulentioe,
559 1917 646 1970 Ploot.
683 1916 840 1964 marmoreo!
858 1916 1000 1967 Furnodios.

112 1994 222 2058 Epidio.
240 2002 293 2043 act.
305 2008 326 2043 1.
346 2008 383 2042 se.
402 1998 425 2044 1.
445 1994 548 2043 Gnatho
570 2008 647 2057 supra
716 1991 788 2040 Succs'
803 1991 907 2055 plenum]
924 1993 992 2044 Quis
1010 2006 1085 2042 nemo
1101 1994 1211 2044 deduxit

113 2077 139 2122 2.
150 2087 188 2120 sc.
200 2071 277 2134 hujus
288 2077 340 2119 act.
357 2070 365 2097 ‘
379 2071 444 2121 Quae
462 2069 586 2119 habitudo
606 2076 646 2118 est
683 2066 777 2118 eibum.
788 2082 846 2116 nom
859 2082 951 2116 succus
963 2075 1003 2118 est
1014 2069 1105 2118 homor
1115 2071 1142 2120 in
1153 2086 1211 2121 cor·

111 2147 256 2211 eorporisl’
274 2146 418 2196 Farnobium.
683 2157 757 2206 pore,
774 2158 825 2206 quo
848 2143 980 2192 abundant
998 2145 1063 2195 bene
1083 2149 1209 2198 volentes.

145 2223 258 2284 Pugilem
268 2237 318 2271 esse
329 2221 409 2284 aiunt]
427 2222 496 2271 Laus
515 2222 541 2271 in
557 2221 645 2286 virgi·
683 2217 822 2279 Virgilius:
841 2221 849 2246 ⁴
863 2219 897 2267 Et
908 2234 999 2268 succus
1011 2223 1110 2284 pecori,
1122 2232 1150 2273 et
1170 2225 1210 2272 lec

112 2313 184 2351 nem.
202 2298 322 2348 Donum.
682 2293 833 2344 subducitur
859 2296 948 2356 agnis?
987 2295 1075 2346 Soccus
1095 2301 1209 2361 proprie,

147 2375 274 2424 Dedueunt
291 2375 377 2439 cidem]
395 2373 461 2422 Mire
481 2373 655 2437 vituperavit
682 2370 853 2435 quosisugus:
869 2384 945 2433 quern
964 2371 1012 2419 sibi
1032 2386 1065 2420 ex
1080 2373 1209 2422 alimentis

110 2447 589 2514 formam,qusemsccurnveritfsmes.
609 2452 644 2500 Et
682 2447 798 2494 membru
809 2453 913 2508 sugunt,
928 2453 956 2495 ut
973 2461 1002 2495 se
1013 2449 1140 2510 repleant.
1158 2450 1210 2500 Do·

110 2526 221 2592 proprie
232 2527 356 2575 deducunt.
374 2524 457 2574 Idem.
682 2527 760 2574 notun

146 2605 180 2650 24
198 2601 300 2650 Tametsi
319 2601 377 2650 dmm
396 2607 431 2650 est
453 2602 550 2667 nutura]
565 2602 645 2666 Bono,
715 2597 784 2648 Seocs'
806 2598 911 2662 plenum]
937 2598 1025 2649 Succos
1042 2608 1084 2650 est
1102 2601 1209 2654 interior

110 2675 140 2726 id
152 2684 203 2736 cst,
214 2677 300 2738 plenu,
312 2691 413 2739 magno,
423 2683 451 2725 et
462 2677 571 2739 pinguis·
588 2677 627 2726 Id.
684 2676 814 2740 pinguedo
824 2676 1005 2726 membrorum.
1021 2678 1097 2728 Idem.

146 2748 273 2814 Reddunt]
291 2752 431 2814 Exhibent,
444 2752 589 2815 perficiunt.
604 2753 643 2804 Id.
715 2753 782 2802 Anni
802 2752 930 2815 sexdecim]
955 2753 1023 2802 Vide
1045 2754 1209 2818 quemadmo-
1305 2814 1311 2827 Ι

109 2864 113 2870 -
148 2828 281 2890 curatura]
300 2829 476 2890 circumsutis
493 2836 548 2878 est:
569 2829 645 2878 Curu-
683 2829 744 2879 dum
763 2838 866 2880 :etatem
887 2831 991 2892 virginis
1008 2840 1115 2879 muturae
1125 2832 1211 2882 Podta

109 2903 645 2970 tdo,medicinae:Curetermdiligentiaedd
684 2919 716 2954 ex
728 2907 864 2955 occasione
876 2906 1100 2955 demonstraverit.
1118 2908 1193 2957 Idem

145 2979 261 3042 Ionceos]
277 2981 382 3028 'l'enues
394 2988 422 3029 et
434 2978 552 3042 pallidas.
568 2981 643 3031 Idem.
715 2987 747 3032 27
761 2983 818 3032 Flos
827 2982 887 3045 ipse]
899 2983 1134 3034 Venostchifios:
1145 2985 1210 3033 G’est

145 3055 260 3118 Juoeeos]
277 3055 392 3118 Terrues,
405 3057 525 3120 graciles,
537 3062 646 3120 teretes,
682 3060 746 3108 droit
757 3074 799 3106 sur
809 3058 908 3120 lepoiot
917 3057 1049 3118 d'eoruger.
1066 3059 1159 3110 Faber.

111 3133 187 3183 leves
209 3131 347 3181 admodum
369 3131 402 3180 od
431 3130 542 3181 formam
560 3132 644 3196 junci.
716 3134 790 3182 Hono
807 3139 834 3182 tu
851 3133 911 3181 milri
928 3134 965 3181 od
981 3135 1014 3193 ω’,
1035 3135 1156 3199 sciolum,
1173 3138 1211 3186 del

100 3210 260 3271 Jmolius.
680 3210 799 3275 precario]
816 3210 880 3259 Haec
898 3211 947 3259 tris
962 3216 1031 3272 sunt,
1049 3212 1139 3277 quibus
1157 3229 1209 3263 non

146 3290 180 3336 26
206 3286 289 3349 Itaque
318 3300 374 3347 ergo
398 3283 520 3347 emuntur]
541 3285 645 3350 Itaque,
685 3288 996 3351 riteresogitnrpvelvi,
1016 3290 1055 3338 vel
1071 3292 1148 3353 clem,
1167 3294 1210 3340 vel

112 3361 209 3427 inquit,
228 3376 303 3410 nemo
319 3361 376 3410 illas
394 3371 470 3410 amnt.
484 3359 584 3424 εἰρωνεία
595 3369 645 3411 est.
684 3365 818 3428 precario:
837 3365 892 3413 siue
911 3365 989 3428 pretii
1007 3368 1149 3416 mentione.
1167 3371 1209 3419 vel

113 3439 173 3490 Aut
184 3452 244 3488 vere
256 3445 389 3488 emautur:
407 3451 435 3488 nt
449 3454 481 3488 eo
496 3439 576 3503 magis
588 3440 645 3490 haec
684 3443 745 3506 quie
765 3442 847 3506 virgo,
867 3456 917 3490 nou
935 3443 1075 3491 meretrix:
1094 3445 1134 3491 vel
1149 3446 1209 3508 quoia

114 3515 225 3565 emendo
244 3515 289 3577 sit,
312 3530 369 3578 quae
390 3520 490 3564 uotnrae
510 3514 646 3577 beneficio,
682 3518 754 3567 nollo
772 3519 879 3581 Ephebo
900 3533 960 3582 spes
979 3526 1020 3568 est
1037 3517 1144 3567 fallendi
1164 3520 1209 3568 Se-

112 3605 166 3642 non
184 3589 263 3640 t'sctis
281 3590 438 3654 comptibus,
454 3590 645 3654 sotindnstriu,
683 3595 870 3645 nisuilonutus.

115 3667 288 3730 est'pulchrn.
305 3666 424 3716 Donatus.
716 3671 788 3720 Hono
805 3676 831 3719 tc
848 3671 907 3720 midi
924 3671 963 3719 sel
977 3669 1012 3731 oi,
1032 3671 1068 3719 nel
1088 3672 1156 3732 elom,
1173 3673 1210 3721 uel

147 3743 235 3807 Itaque
245 3757 301 3804 ergo
312 3743 431 3806 omuntm]
448 3740 536 3807 Atque
552 3743 590 3792 im
606 3740 646 3805 fit,
679 3748 787 3809 precario
792 3747 836 3806 sne
847 3746 944 3809 trudas]
957 3746 1101 3796 Secundum
1115 3748 1158 3809 jus
1173 3748 1211 3797 lo·

114 3825 287 3880 ntsmeutor,
303 3826 464 3869 nonnoturae
483 3819 585 3884 merito,
599 3818 646 3868 sed
684 3830 759 3872 cutus
775 3831 823 3871 est.
856 3822 1208 3872 Nemlsistribusnsalufide

115 3893 252 3944 industris.
270 3894 346 3943 Idem.
684 3897 782 3961 aliquid
797 3898 958 3960 possidetur:
974 3899 1008 3954 vi,
1028 3899 1104 3960 clem,
1124 3913 1211 3960 precu-

149 3970 215 4026 Quid
237 3976 279 4019 teo
300 3970 378 4033 mtoee]
396 3969 497 4019 Recte:
519 3970 557 4020 sic
578 3971 645 4019 enirn
684 3972 731 4022 rio.
762 3972 1210 4036 Vi,quiavirgo:clom‚quincusto·

115 4045 175 4109 ipse
202 4045 284 4110 dicet,
303 4046 362 4096 ‘At
382 4046 445 4095 nihil
472 4047 504 4095 sd
531 4055 645 4098 nostrum
683 4048 769 4099 ditur:
783 4048 900 4111 mecurio,
911 4049 970 4111 quis
981 4049 1092 4110 pretinm
1105 4063 1154 4098 non
1166 4049 1209 4098 hc.

115 4121 201 4172 lianc!
218 4124 295 4172 Idem.
684 4124 729 4177 bet
740 4126 854 4174 Clsaeres.
871 4125 947 4174 Idem.

150 4197 216 4254 Quid
235 4205 278 4251 toa
294 4199 372 4264 istac]
389 4201 484 4266 Deest,
504 4200 579 4266 quus:
601 4206 646 4265 est,
716 4201 843 4266 Fless'pso.
869 4201 993 4252 Cultum
1009 4205 1036 4251 tu
1051 4202 1110 4252 milri
1124 4203 1162 4252 sel
1177 4202 1211 4266 ci,
