2676 4710
190 338 373 387 unaaunn
398 337 716 388 ιιιιιιιιιοιιιιιιοιι.
739 341 823 390 aer.
845 343 894 388 rv.
917 343 971 392 so.
994 342 1034 391 ιι.
1078 329 1164 396 1357

60 495 144 546 quam
163 481 274 530 Bacchis
292 482 401 531 adduxit
418 494 515 532 secum.
533 475 595 532 Ful·
634 483 805 548 Antiphilam,
824 487 974 550 priusquam
996 486 1164 549 interceperit

12 554 35 590 ¹
56 558 158 608 “hissa
635 566 770 621 argentum
783 559 850 624 quod
863 560 940 610 detur
951 561 1084 611 Bacchidi.
1102 563 1164 610 For-

12 634 34 666 ·
96 639 130 685 4³
146 635 259 685 summ
268 653 315 685 sos
330 637 425 686 adverti
436 637 522 701 priam]
536 636 595 684 Mn·
632 635 724 684 salisa

12 728 32 743 ··
58 716 137 761 ratos
149 725 207 761 cum
219 711 426 773 praecedentibus
442 713 478 760 ita
491 711 595 775 jungit:
666 715 698 759 5⁰
725 710 819 760 Mirum
836 711 862 759 si
877 710 920 759 illo
937 712 1163 774 montehargis

58 802 93 837 aa
109 789 250 836 madum
268 787 410 837 milidonis
427 789 530 837 sadum.
549 801 597 836 stoa
631 785 705 848 perii]
721 785 856 849 Antiphila
868 786 976 836 scilicet.
993 786 1123 838 Boealerus.

12 866 31 897 ²
60 863 160 912 «dumi
181 865 339 925 primuml
361 863 387 911 in
404 864 500 912 nostris
516 862 596 912 etiam
665 866 697 911 hl
722 863 779 912 Nos
793 865 849 912 licat
867 863 995 926 Ιωιιιίιιιιιι]
1022 865 1081 914 Νοιι
1099 865 1163 915 licet

12 940 31 975 Ι
62 937 194 987 Maneat.
211 939 340 987 Boeolerru.
633 938 868 1002 nobisperpatsam
884 953 976 1001 gerere
994 939 1164 1000 voluntatem,

12 1020 29 1051 ὁ
96 1016 130 1065 al
148 1014 265 1076 Omana]
281 1015 351 1062 Mire
368 1012 595 1074 snogenioindul·
633 1014 866 1063 marimecnmres
885 1028 936 1063 noa
950 998 1100 1076 permittat:
1124 1017 1163 1065 ita

12 1096 27 1127 ²
61 1089 377 1154 slt,quihiaannotasit:
403 1087 594 1137 ‘Miraricerts
633 1098 762 1139 mutamus
781 1105 839 1140 cum
860 1096 977 1153 ternpore
995 1090 1163 1142 voluntatem.

62 1164 136 1214 s'ubit
147 1165 312 1213 sterilitatem
324 1163 449 1224 Terentii,
465 1163 539 1226 cujus
555 1161 594 1212 t'a·
632 1167 794 1230 Eugrnpltius.

11 1248 25 1281 Ι
62 1241 133 1291 halae
150 1241 247 1290 exitum
266 1241 402 1288 inveniunt
420 1237 593 1303 perfiliaruns
664 1247 697 1292 st
716 1239 1066 1304 Nuacs'tolempusestsrs'ht]
1092 1240 1162 1289 Olim

62 1316 261 1380 deperditarum
274 1317 440 1378 agnitionem,
452 1321 480 1365 et
497 1315 537 1364 bis
555 1315 593 1364 ia·
630 1315 657 1364 in
679 1317 749 1366 tenui
769 1315 875 1366 fortuna
893 1315 963 1365 nolui
982 1313 1061 1363 tiliam
1083 1316 1163 1386 alere,

11 1402 22 1434 Ι
61 1392 134 1441 dicio
146 1392 243 1441 annuli.
261 1392 286 1440 in
305 1392 352 1441 bac
368 1405 446 1441 scena
458 1397 485 1439 ct
501 1390 525 1438 in
538 1391 592 1439 He·
631 1406 700 1440 nunc
712 1394 720 1419 ⁴
732 1393 756 1440 in
775 1399 845 1441 tanta
862 1397 889 1440 et
906 1391 972 1440 bene
988 1389 1084 1452 aucta,'
1095 1397 1124 1440 ut
1134 1397 1160 1442 ὁ.
1176 1443 1183 1453 ,

11 1479 22 1511 ι
60 1481 129 1529 cyra
139 1474 191 1515 set.
201 1480 227 1514 v.
239 1480 275 1515 sc.
287 1465 320 1517 2!
336 1480 384 1513 nee
397 1463 507 1513 sufficit:
521 1464 593 1514 addi·
631 1481 702 1516 scen.
721 1468 797 1530 hujus
816 1475 897 1528 actus,
911 1465 1010 1529 garrdeo
1028 1465 1088 1514 mihi
1104 1481 1162 1514 esse
1185 1454 1193 1467 ”

11 1554 21 1588 r
63 1549 126 1591 tar:
152 1541 222 1590 ‘Sed
251 1555 335 1589 rarum
364 1554 478 1603 prorsus,
505 1553 593 1603 quem·
630 1539 718 1590 fllia'tn.
736 1547 1161 1605 prare,protemporemutantur

11 1632 19 1665 ι
62 1617 345 1682 quamlninveniendo
357 1613 470 1674 facilem,
480 1622 506 1663 et
518 1615 592 1678 inju-
631 1616 758 1665 hominum
772 1616 857 1666 animi.
875 1615 1018 1665 Foraohius.

11 1708 17 1742 ι
62 1690 260 1741 dicandoesse.'
293 1691 477 1755 Rogo‚ut‚qui
494 1691 592 1739 Teren·
662 1694 753 1743 Suana
764 1706 796 1743 ιι.
828 1692 938 1743 Iamhici
955 1691 1080 1741 octonarii
1093 1699 1161 1742 snut.

11 1787 16 1821 ι
62 1768 128 1817 tiam
151 1766 302 1816 familiarius
329 1772 467 1825 noverunt,
486 1781 592 1830 respon·
631 1784 667 1818 rs.
684 1773 706 1818 l.
728 1767 780 1818 duo
798 1783 830 1816 es
848 1768 913 1817 Mss.
933 1766 1046 1816 nustriae
1065 1767 1161 1816 obierit.
1245 1788 1247 1796 ·

11 1868 14 1900 ι
61 1843 153 1906 deant,
167 1842 229 1908 quid
236 1843 358 1907 judicent
370 1844 402 1892 de
421 1844 468 1892 hoc
481 1842 591 1906 judicio.
631 1859 667 1892 vs.
678 1848 702 1892 s.
715 1843 767 1891 (luo
780 1860 786 1890 ε
803 1845 893 1892 videro.
906 1857 942 1891 vs.
953 1847 977 1891 5.
990 1856 1095 1891 omnes:
1113 1844 1158 1891 tri·

60 1920 139 1970 Iden.
630 1921 715 1982 stopho
725 1919 815 1988 scilicet
830 1934 867 1968 ms
886 1919 960 1967 latere
970 1922 1032 1965 teoto
1042 1922 1067 1966 et
1082 1918 1161 1967 ahesa-

94 1999 127 2045 4⁶
145 1994 242 2050 Nudo,
262 1994 311 2043 11ὺὶ
327 1998 355 2042 td
372 2007 403 2042 tx
421 1993 473 2056 ἔρσα
490 1995 594 2060 wat]
629 1998 694 2046 ders.
711 1991 874 2044 ducantcrl
890 1993 1067 2055 triumphante
1078 1993 1161 2043 verba

60 2071 145 2121 Sallus
167 2070 287 2120 Bembini
314 2069 411 2120 codicis
435 2071 591 2121 auctoritate
630 2080 659 2120 ut
672 2071 781 2134 glossam
792 2069 924 2117 inserunt:
941 2067 982 2129 qui
996 2067 1161 2128 olimmugssss

62 2147 178 2196 Faliscus
187 2145 284 2195 delevit
294 2144 323 2194 rh
334 2152 370 2204 ut,
388 2146 458 2210 qrsod
471 2146 496 2194 in
510 2146 590 2195 omui·
628 2161 758 2209 manuam
769 2160 800 2194 ex
810 2143 907 2206 iugenio
924 2156 973 2191 ineo
981 2145 1161 2204 praesumam

61 2221 109 2271 hus
120 2223 187 2271 Mss.
198 2221 331 2271 codicibus
342 2221 448 2283 legitur,
458 2222 591 2283 acaciani-
628 2241 718 2275 omnem
731 2226 758 2274 in
767 2225 863 2274 latebris
877 2238 940 2286 spero
951 2237 1064 2286 reponeres
1076 2224 1159 2273 trium·

61 2297 160 2363 &quod
172 2311 266 2346 censeo
277 2297 423 2345 consultum
435 2310 501 2353 esse,
517 2302 546 2345 ut
560 2311 591 2345 ex
626 2304 681 2366 pho.
693 2319 731 2350 v..
741 2308 766 2352 6,
779 2316 883 2350 omnes:
895 2299 954 2348 suhi
964 2314 1013 2348 esse
1023 2305 1097 2362 ηερε.
1110 2305 1160 2349 tem

61 2373 114 2436 ‘lm
134 2386 237 2436 W>
253 2373 276 2420 ⁸⁸¹
296 2372 510 2435 ΡθῑθῦῗὛθΡθήή,
531 2373 592 2420 Μ
627 2379 713 2428 nahita.
725 2394 763 2429 vs.
778 2383 815 2427 1⁰.
828 2379 898 2427 duos
915 2377 1001 2439 optineo
1019 2381 1063 2426 ert.
1083 2391 1159 2434 unrrs,

60 2448 248 2498 marmoris.
264 2447 345 2496 idem.
627 2454 740 2516 oplisaum
752 2459 797 2502 est.
814 2453 957 2501 Bseclerus.

93 2527 128 2573 46
145 2523 264 2584 Plarspss'
273 2522 352 2585 rideo]
362 2521 422 2571 Hoc
432 2536 521 2570 servus
531 2535 591 2571 cuns
662 2534 674 2578 1
692 2529 751 2578 Νίη·
761 2545 797 2577 „22
810 2528 914 2591 ammae]
932 2527 1021 2578 Smne
1036 2527 1076 2577 1550
1090 2530 1159 2577 sepe.

63 2599 160 2663 gemitu
172 2598 252 2648 dicit:
276 2598 402 2663 siqnidem
420 2596 477 2646 fieri
496 2605 592 2660 potest,
627 2611 719 2656 mter
727 2611 823 2665 agnat,
839 2608 900 2669 quoa
916 2604 1086 2655 minuamus
1096 2605 1159 2670 μή

62 2682 92 2725 ut
107 2681 280 2738 cognoscatur
295 2675 352 2723 haec
367 2672 510 2737 Antiphila,
522 2673 590 2736 quod
625 2697 693 2745 pom
703 2687 731 2730 us
748 2683 825 2745 puella
840 2687 1001 2743 mmm,-
1017 2687 1042 2731 ,t
1057 2681 1159 2743 imm

61 2748 275 2823 liliadominisit.
308 2748 591 2800 Quofuctorehemen·
627 2759 742 2821 quodem
750 2760 849 2807 multum
857 2757 1160 2818 mminmadsmm

63 2831 103 2876 ter
114 2825 218 2887 metuit,
225 2840 258 2874 ne
269 2825 378 2888 incipiat
386 2825 470 2876 Clinia
480 2827 589 2877 amicam
626 2834 676 2882 m,
686 2833 857 2898 Eugraphius,

61 2917 135 2953 suam
157 2901 286 2963 confiteri,
309 2909 336 2952 et
355 2910 495 2965 cognoseat
515 2910 591 2965 pater
660 2910 718 2959 Νὶιι·
730 2910 848 2969 salutm
864 2908 966 2970 amm]
983 2909 1090 2956 Hincin
1103 2911 1159 2970 pre.

62 2977 133 3044 quod
144 2979 269 3028 meretrix
282 2978 364 3027 amica
376 2979 529 3042 Clitiphonis
546 2979 589 3028 sit.
627 2984 714 3047 risque
722 2985 767 3033 lib.
784 2998 850 3032 nors
860 2983 953 3044 incipit
963 2996 1050 3030 scena.
1067 2984 1159 3032 Farno-

63 3057 185 3120 Denique
197 3056 256 3106 ideo
268 3056 342 3111 dicit,
353 3071 411 3104 cnm
427 3070 520 3104 nomen
536 3055 590 3104 dic·
626 3059 688 3107 hius.

62 3137 197 3182 tumescat
208 3132 274 3195 ejus,
291 3131 331 3180 cui
348 3130 492 3180 dataesset
505 3129 590 3192 puella
660 3137 680 3182 2,
700 3132 730 3180 Id
749 3136 874 3192 angustum
893 3130 989 3194 oppido]
1013 3132 1158 3199 Translatia

62 3215 93 3259 ut
104 3216 290 3272 exponeretur,
304 3209 312 3236 ‘
322 3207 418 3256 Mirum
430 3206 456 3253 ni
467 3206 511 3253 illa
519 3206 590 3254 salua
628 3206 699 3257 facta
715 3214 756 3256 est
767 3207 799 3255 ab
810 3206 862 3265 illo,
873 3220 930 3255 cum
942 3206 1105 3269 periclitatur
1114 3223 1159 3258 er·
1188 3204 1192 3211 ’

61 3290 114 3344 est,
127 3291 155 3333 ct
166 3280 308 3347 egoperii!
325 3281 486 3344 Eugrnpleius.
592 3322 595 3327 .
627 3282 766 3344 ercitu,in
775 3287 910 3344 auguratum
919 3287 1035 3332 coactus.
1056 3285 1159 3348 Oppido,

95 3358 196 3420 Interii]
213 3360 294 3421 Syrus
304 3359 359 3406 haec
369 3364 509 3421 propterca
517 3355 592 3417 dicit,
629 3355 848 3420 valdeslpnilicat.
865 3357 1026 3420 Eugraphiru.

61 3433 132 3496 quod
140 3433 212 3481 videt
222 3434 351 3481 interiisse
359 3447 432 3495 spem
442 3431 590 3481 Menedemi
662 3436 693 3482 Is
714 3437 840 3494 mgmtum
857 3433 941 3496 oppida
961 3448 1021 3482 senc
1039 3448 1097 3483 saec
1108 3450 1160 3496 cog.

61 3510 222 3572 decipiendi,
239 3510 355 3572 adeoque
369 3523 442 3557 suurn
459 3509 591 3557 consilium
628 3509 712 3572 sopire]
730 3509 788 3557 Duo
808 3507 867 3557 cod.
879 3509 943 3558 Mss.
959 3523 992 3557 ex
1009 3509 1103 3557 nostris
1114 3511 1159 3558 ha·

61 3587 210 3636 interverti.
260 3586 398 3651 Sequentia
426 3586 515 3644 uerba,
540 3586 593 3646 plus
630 3586 703 3645 hent,
718 3589 829 3646 sagulo.
848 3585 938 3635 melius
958 3591 1159 3647 est‚osrgustuss.

60 3663 114 3725 spei
130 3662 207 3723 rideo,
225 3677 294 3725 quom
312 3663 373 3716 oola,
394 3660 514 3723 imperite
534 3661 592 3709 Cal·
630 3660 784 3724 videturque
795 3661 1013 3725 ascioloquodam
1025 3661 1159 3709 immutata

62 3738 188 3801 phurnius
203 3739 327 3787 Sostratae
346 3736 482 3785 tribuenda
499 3738 592 3798 putat's
630 3736 917 3801 scriptura,quivoccm
928 3737 1011 3800 oppido
1022 3751 1072 3785 non
1084 3736 1160 3784 inlel-

63 3814 125 3863 dum
134 3829 185 3863 nou
195 3814 323 3863 intellexit
331 3811 474 3874 ἀμφιβολίαν
483 3810 592 3873 somnis.
629 3813 701 3862 lexit.
709 3810 812 3875 phrasin
824 3813 1035 3877 interpreterhia
1046 3813 1161 3875 explicat

62 3890 154 3939 melius
173 3890 335 3953 Eugraphius
353 3890 549 3951 interpretatur.
565 3894 593 3944 ct
630 3891 761 3941 Erasmus.
778 3890 845 3939 adde
865 3891 908 3938 Fr.
927 3889 1085 3938 Fabricium.
1102 3889 1159 3936 Boe·

63 3979 124 4015 mox
136 3966 191 4029 ipse
200 3965 283 4014 Poita
291 3978 362 4013 scen.
373 3978 428 4027 seq.
439 3978 476 4012 vs.
485 3967 509 4013 4.
521 3964 594 4011 ‘nm-
630 3967 713 4014 clerus.

67 4051 109 4092 tra
120 4053 168 4106 est,
182 4045 203 4092 si
216 4046 251 4094 ita
263 4044 321 4104 est,
338 4058 374 4092 sc.
387 4050 415 4091 ut
428 4049 516 4090 narrat
531 4042 594 4090 hera
662 4042 693 4090 Is
714 4047 825 4103 auguslo,
845 4039 898 4102 ho]
925 4037 1071 4087 Translalio
1093 4052 1108 4085 a
1131 4052 1159 4087 rs

67 4133 125 4167 mea
136 4120 262 4169 Sostrata.
280 4119 407 4168 Beselerru.
630 4115 746 4177 militari,
765 4112 809 4164 ubi
833 4114 964 4164 exercitus
983 4114 1008 4162 in
1026 4115 1158 4176 angustias

101 4195 202 4259 Interii]
230 4197 290 4246 Non
312 4196 367 4246 vult
389 4194 468 4259 Syrus
488 4193 593 4258 agnosci
630 4198 796 4242 coactnsnon
813 4191 868 4241 sine
887 4204 979 4254 magno
998 4189 1114 4255 periculo
1131 4204 1159 4239 sc
