2676 4710
310 343 492 395 runnuru
517 342 791 392 adunemur.
816 341 866 391 ιν.
889 343 944 401 so.
967 343 1032 394 vu.
1129 329 1215 398 1267

118 487 170 538 boe
180 491 231 547 est,
241 486 309 550 apud
322 487 477 537 Praetorent.
497 476 652 550 'ErgoJurtl
689 508 698 537 μ
720 486 787 536 Idem
805 489 847 538 lloe
862 493 890 539 tu
907 487 955 552 als]
972 488 1004 539 Id
1020 494 1069 550 est,
1085 489 1133 538 lroe
1145 475 1232 555 qudd'
1255 501 1257 504 ·

119 564 255 626 adligat,
272 563 651 623 idast‚reun1seefficlttrau·
688 563 820 628 Chremes,
836 572 863 614 et
882 571 1003 629 tanquam
1015 564 1146 615 Chremes.
1180 567 1217 617 Et

111 641 172 705 [dit.
206 641 272 690 Nam
293 640 586 700 nantuadensium
604 655 651 704 pro
686 638 768 703 ipsam
804 642 1024 692 circumventurus
1060 642 1221 706 interrogat.

121 715 193 765 omni
215 713 306 764 frartde
329 724 356 764 et
377 715 438 765 dolo
461 715 602 779 accipimus
624 722 652 766 et
687 714 755 779 quod
776 716 821 764 illa
841 717 998 780 intelligens,
1020 717 1149 767 uralitiose
1169 719 1216 782 ait,
1270 761 1274 772 ,

120 791 237 855 injuria·
249 791 369 840 Donatus.
689 792 775 847 Quoere
795 793 836 855 qui
856 795 1014 856 repondeat..
1035 794 1105 844 Satis
1124 803 1216 845 eontu-

155 866 412 930 Alligot]Astriuglt,
424 868 555 932 illaqueat,
568 875 596 919 et
607 867 652 918 ob·
687 869 808 918 melinae:
825 869 890 917 illud
908 870 977 918 eninr
994 870 1128 934 queritur,
1147 872 1216 936 quod

119 943 230 1002 noxium
256 942 327 993 tacit.
367 945 451 994 Omne
479 944 559 1008 igitur
583 945 651 1009 quod
688 942 793 993 difficile
812 945 950 1009 reperitur.
985 947 1053 1009 Ergo
1071 959 1121 995 nou
1140 947 1216 996 modo

119 1018 266 1083 fraudem,
285 1019 382 1071 turtum
394 1029 443 1071 est.
467 1022 511 1071 Sic
520 1022 653 1085 Virgilius,
688 1021 807 1084 indignus
821 1035 858 1083 es,
876 1020 967 1086 iuquit,
985 1021 1027 1070 oui
1044 1037 1093 1085 ego
1110 1038 1217 1087 respou-

120 1097 289 1161 ‘Fnrtaparo
300 1097 377 1157 belli,'
393 1097 419 1146 id
432 1105 483 1159 eat,
494 1099 608 1147 insidias.
624 1103 652 1147 et
688 1098 777 1148 deam:
796 1098 842 1146 sed
859 1097 902 1147 rix
919 1098 1050 1159 invenies,
1063 1099 1107 1163 qui
1121 1097 1147 1148 te
1159 1093 1216 1164 dig·

119 1171 559 1234 ‘Dulciafurta,'idest,adulteria.
568 1175 652 1222 Omne
688 1171 747 1225 unm
759 1189 885 1239 responso
892 1175 1005 1239 judicet.
1022 1175 1144 1226 Donatus.

121 1249 218 1298 malurn
230 1247 337 1300 tactum.
369 1250 449 1301 ‘Quae
459 1251 516 1314 quis
529 1250 597 1315 apud
610 1265 651 1298 sn·
671 1311 678 1322 f
722 1253 806 1309 Quaere
818 1253 859 1316 qui
871 1251 1021 1315 respoudeat]
1038 1253 1073 1301 Et
1083 1261 1217 1317 contemp·

119 1327 290 1396 peros,tnrto
301 1329 405 1378 laetatus
417 1329 613 1390 iuaui,1)iatulit
625 1329 651 1377 in
688 1329 722 1377 ait
733 1330 934 1392 interrogantem
945 1346 951 1378 :
964 1337 991 1379 et
1003 1328 1096 1378 indixit
1108 1329 1218 1379 inimici·-

120 1421 207 1456 reram
235 1407 370 1455 commissa
397 1407 498 1470 piacula
525 1404 652 1457 mortem!
689 1407 737 1455 tias
748 1405 908 1470 professione
919 1406 1069 1470 iraonudie,
1081 1421 1139 1456 cnm
1150 1407 1217 1458 dixit

122 1482 231 1546 furtum
242 1482 340 1531 duobus
355 1483 436 1531 modis
453 1482 556 1531 dieitur.
584 1483 652 1544 Uuo,
688 1482 819 1546 iudignum
831 1485 952 1533 Militem.
970 1485 1047 1534 Idem.
1221 1530 1224 1535 .

120 1573 182 1609 cnm
191 1558 430 1609 omnemeletieium
438 1559 595 1622 generaliter
603 1558 652 1620 sig·
720 1563 751 1610 41
771 1561 835 1615 Quid
845 1576 907 1610 nuuc
917 1560 1021 1623 agimur]
1037 1556 1105 1610 Vide
1116 1567 1146 1610 ut
1157 1575 1217 1610 era·

122 1633 263 1685 uideaturz
282 1636 377 1696 altero,
393 1649 451 1683 eum
472 1648 513 1682 res
533 1640 653 1696 surrepta
688 1635 774 1684 uuerit
795 1636 863 1685 aetio
884 1633 985 1687 Militis.
1027 1637 1117 1686 Primo
1140 1636 1218 1698 dixit,

114 1711 325 1761 demonstratur.
370 1712 457 1762 Nune¹
469 1727 532 1775 ergo
555 1712 653 1771 furtum
689 1712 805 1760 ‘Omnia
821 1713 1027 1776 priusexperiri,
1039 1728 1114 1778 qnam
1130 1712 1218 1777 armis,

124 1787 280 1855 malefieium
290 1798 339 1837 est.
360 1788 436 1837 Idem.
467 1826 469 1834 .
689 1790 831 1852 sapientem
843 1790 940 1840 decet!
967 1791 1048 1852 ¹Post,
1063 1790 1217 1840 ‘ldemboe

157 1864 248 1914 Audiu’
259 1863 306 1919 tui
322 1865 360 1913 lu'e
368 1867 435 1925 furti
446 1881 471 1914 se
481 1866 577 1926 alligat.
593 1866 654 1914 omia
689 1873 717 1913 tu
731 1866 777 1927 ais,
789 1865 888 1915 Thais?
922 1868 957 1916 Et
969 1875 1109 1930 postremo,
1126 1867 1134 1895 ⁴
1146 1865 1217 1917 Quid

125 1939 223 1989 muti
231 1940 278 2002 ert]
287 1941 450 2003 Eugraplriua
458 1941 562 2003 legitte.
575 1940 653 2004 Apud
689 1956 758 1990 urrue
770 1941 905 2005 agimusi’¹
926 1944 970 2005 Et,
987 1942 1074 1994 ‘Quid
1086 1956 1153 1990 uuue
1164 1941 1218 2004 agi·

115 2018 259 2066 ‚Donatum
270 2016 365 2079 duplex
381 2017 564 2081 interpretatio
582 2017 653 2081 poni·
690 2017 769 2068 musi'
782 2020 914 2070 eonsilium
926 2020 1064 2084 querentis
1075 2027 1125 2070 est.
1142 2018 1219 2073 Ideni

124 2100 178 2157 tur,
192 2095 243 2142 neo
255 2093 287 2142 ab
308 2109 358 2142 uua
377 2108 461 2151 mauu,
479 2101 508 2143 ut
524 2101 652 2157 apparet:
724 2096 788 2152 Quid
799 2111 860 2145 nuuc
870 2095 975 2159 agimur]
993 2096 1119 2160 Languidi
1138 2103 1243 2166 atqua,

123 2183 232 2232 quarum
255 2169 347 2230 altera,
363 2184 388 2217 se
406 2169 501 2229 adigat,
521 2171 612 2229 altera,
628 2172 654 2218 te
692 2170 787 2219 defessi
799 2169 848 2221 est.
867 2169 945 2222 Idam.

122 2244 359 2307 olligut‚explicare
377 2244 519 2293 contendit.
545 2243 654 2306 Optima
711 2245 790 2301 'Quid
808 2261 871 2295 nuuc
892 2247 996 2311 agimur]
1018 2248 1072 2298 Ubi
1094 2256 1134 2298 est
1154 2248 1219 2297 illud

124 2330 168 2372 eat
179 2323 264 2386 lentio,
277 2338 352 2386 quam
364 2323 514 2373 retinuimus
532 2323 580 2370 lroe
595 2335 653 2370 seu·
692 2322 760 2385 quod
781 2321 827 2386 ait,
843 2323 979 2372 ‘Primum
996 2325 1066 2373 aedes
1087 2339 1219 2387 expugna·

118 2399 174 2449 ‘sn'z
189 2400 305 2448 nascitur
328 2401 375 2449 tibi
395 2400 517 2448 adversus
531 2398 652 2448 Chreme·
692 2396 742 2458 bn,'
764 2404 791 2446 et
814 2404 910 2450 cetera.
951 2399 1009 2475 sed.
1024 2399 1084 2448 uani
1104 2400 1218 2463 impetus

121 2473 181 2524 teria
194 2476 285 2526 titulus
295 2492 369 2527 novae
382 2477 500 2526 notionis.
511 2474 574 2525 furti
586 2475 653 2524 enim
691 2474 760 2522 bunc
771 2473 869 2522 exitum
880 2489 984 2539 semper
993 2476 1132 2540 acciplunt.
1142 2475 1219 2526 Idem.

126 2551 252 2601 aduersus
269 2553 353 2617 ipsum
376 2567 454 2615 agere
475 2559 560 2616 potes,
583 2550 653 2616 quod
726 2550 792 2606 Quin
811 2551 943 2614 redeamus]
971 2553 1045 2616 Quin,
1066 2550 1143 2601 modo
1165 2553 1220 2601 imo

124 2642 180 2676 rem
192 2634 261 2677 tuam
278 2628 326 2678 sibi
345 2629 466 2678 vindicat.
477 2629 539 2677 satis
551 2635 592 2678 est
603 2627 653 2676 boe
692 2627 752 2677 Non
764 2627 896 2691 abeamus,
904 2629 999 2694 inquit,
1011 2628 1055 2677 sed
1067 2629 1219 2678 redeamus:

123 2703 183 2766 tibi,
198 2704 309 2765 seilicet,
324 2704 382 2753 ‘Ad
401 2703 586 2767 repetendam,’
603 2706 653 2753 &n
692 2710 721 2752 ut
732 2703 819 2753 irritos
831 2711 938 2755 conatus
950 2703 1220 2755 unoverboostende·

125 2787 155 2831 nt
164 2783 283 2831 Donatus
293 2782 406 2845 supplet.
424 2782 556 2832 Boolerru.
657 2772 661 2789 ³
692 2787 741 2830 ret.
756 2780 832 2830 Iden.

152 2857 232 2910 Fumi
250 2871 274 2906 se
293 2857 390 2920 olligm]
417 2858 498 2906 Reum
521 2871 559 2918 se,
581 2856 654 2922 quasi
723 2860 756 2905 42
774 2856 881 2922 Credin’]
892 2860 932 2908 Ex
944 2863 1019 2922 parte
1030 2859 1169 2919 consentit,
1177 2857 1220 2923 qui

124 2935 195 2998 apud
207 2942 355 2998 praetorem,
370 2933 432 2982 furti
446 2935 577 2996 astringit,
595 2948 652 2996 pro·
693 2933 729 2982 aio
740 2933 892 2997 interrogat.
908 2935 984 2984 Idem.

122 3009 205 3059 fessus
228 3023 256 3058 se
277 3009 336 3058 dolo
353 3010 421 3058 malo
441 3023 495 3058 rem
513 3023 528 3056 a
547 3010 654 3073 proprio
727 3010 837 3072 Crediu']
865 3013 977 3071 Credere,
999 3009 1140 3059 dubitantis
1162 3016 1221 3060 esta

123 3087 228 3135 domino
240 3085 343 3135 auferre
361 3095 388 3134 et
401 3086 525 3135 detinere.
559 3086 607 3134 Rei
624 3086 654 3133 li·
695 3085 792 3134 Certum
802 3100 862 3145 erae,
877 3083 990 3135 fidentis.
1006 3086 1082 3136 Idem.

123 3169 228 3225 gantur,
240 3161 391 3212 innoeentes
403 3161 580 3209 absolvuntur.
593 3161 654 3210 Far·
725 3165 757 3210 43
773 3162 822 3210 Uli
833 3161 903 3225 nolis,
915 3163 1011 3225 utpinut
1021 3164 1097 3228 ultro]
1106 3162 1171 3212 Plus
1183 3161 1222 3211 in-

123 3239 215 3288 anitus.
694 3237 755 3286 tulit
777 3237 842 3300 spei,
870 3251 921 3287 uon
943 3238 1087 3289 revocando
1115 3240 1222 3288 verbum

155 3319 188 3364 40
205 3313 272 3362 Sutia
288 3315 330 3362 lroc
350 3320 384 3363 ert
402 3313 459 3376 tibi]
475 3313 516 3362 Ad
534 3320 655 3376 repeten·
694 3314 763 3379 qtrod
778 3314 978 3377 expectabatur,
993 3315 1041 3364 boe
1060 3321 1111 3375 est,
1126 3318 1222 3364 volunt:

123 3389 656 3453 damscilicetVirginem,sumendumque
695 3389 741 3437 sed
763 3389 868 3452 eupiunt.
912 3390 983 3453 Ergo
1014 3391 1140 3439 variavit:
1171 3403 1222 3438 non

84 3501 89 3507 -
122 3467 224 3532 injurie
237 3465 386 3515 vindictam.
400 3467 520 3514 'Donatun
695 3465 761 3514 enim
772 3465 871 3529 intulit,
886 3465 974 3515 Volunt
984 3467 1056 3517 ultro.
1073 3465 1157 3516 Idem.
1208 3471 1209 3474 ’

158 3543 232 3592 Sotira
253 3543 295 3592 lroe
314 3547 350 3590 ert
369 3541 425 3604 tibi]
443 3542 475 3590 In
495 3540 610 3590 omuibus
629 3546 657 3590 et
727 3543 794 3590 Beue
810 3543 893 3607 pistus]
911 3543 970 3592 Hoc
982 3548 1032 3604 est,
1052 3550 1123 3592 recte
1136 3547 1222 3605 putat,

124 3623 240 3683 Donato,
256 3621 317 3669 sutis
334 3621 375 3670 boe
392 3621 436 3669 tili
447 3626 491 3679 est,
507 3635 564 3684 qnae
576 3617 657 3667 verba
695 3618 959 3681 sapis,reliutelligia.
972 3618 1108 3681 Virgilius:
1120 3618 1224 3667 ‘Multa

122 3697 212 3759 militi,
236 3704 264 3746 et
286 3704 368 3756 reete,
387 3698 508 3745 Donatus
528 3694 657 3744 attribuit.
695 3700 798 3758 putans,
813 3701 961 3758 sortemque
979 3695 1066 3743 animo
1087 3694 1223 3743 miseratur

124 3774 232 3824 Gnatho
255 3774 333 3833 euim,
355 3773 397 3822 eui
420 3773 475 3821 rixa
494 3770 656 3834 displicebat,
692 3769 881 3834 iniquam.’Vel
894 3770 1007 3835 conjicis.
1025 3769 1224 3835 Velputus,dia-

124 3849 283 3913 persuadere
307 3848 363 3897 vult
384 3847 470 3909 militi,
492 3844 611 3894 srrfficere
631 3846 656 3894 ei
693 3852 779 3909 putas.
812 3846 863 3895 Vel
871 3851 950 3909 putas,
961 3848 1070 3909 cogitas.
1086 3848 1162 3896 Idem·
1265 3836 1281 3859 '⁹

123 3925 189 3976 forti
209 3923 339 3973 actionem
366 3924 456 3973 coritra
483 3923 656 3984 Chremetem,
725 3923 758 3968 44
773 3920 831 3967 dom
850 3921 945 3969 dimitto
960 3921 1100 3985 exereitum]
1119 3920 1225 3972 Dimitti

123 4003 168 4066 qui
187 3999 321 4066 professus
344 4007 402 4049 erat
421 4014 449 4048 se
468 3999 656 4062 prohibiturum
694 3995 821 4055 exereitus,
832 3995 938 4057 dieitur,
954 3996 994 4044 vel
1007 4010 1071 4059 pace
1083 3995 1164 4054 facta,
1181 3996 1224 4046 vel

124 4092 158 4126 ne
176 4078 250 4126 miles
266 4091 338 4125 snam
359 4082 486 4140 taugeret.
505 4075 550 4124 sed
564 4083 592 4123 ut
604 4083 656 4124 tro·
695 4072 795 4121 vexatis
805 4071 930 4125 hostibus.
955 4072 1075 4122 Ridicula
1085 4088 1147 4138 ergo
1156 4088 1224 4138 mag·

124 4152 231 4205 clinicus
244 4158 359 4213 constet,
375 4153 413 4200 vel
427 4150 472 4200 tibi
483 4151 596 4198 erituua
607 4149 657 4212 ayl-
695 4147 827 4207 nificrntia
849 4147 984 4197 verborum
1015 4155 1064 4213 est,
1092 4164 1151 4200 euru
1173 4151 1225 4200 rint

122 4217 195 4293 laba,
207 4228 250 4279 uel
261 4241 293 4276 aa
303 4231 338 4277 ert
350 4242 362 4277 a
374 4227 497 4277 elidetur.
516 4226 631 4276 Fuimus.
695 4222 769 4274 facta
780 4221 914 4273 deformia.
933 4224 1008 4274 Idem.
