2670 4702
270 317 451 367 nanaurn
478 315 745 366 oneramur.
770 319 818 366 rr.
842 320 896 369 sc.
921 319 954 366 v.
1072 303 1158 369 1471
1255 337 1256 341 =

55 471 97 508 sc.
107 461 133 506 8.
150 456 245 507 ‘Exite
260 456 428 529 hucaiiqniss
446 456 589 507 Fanum.
663 458 697 506 Ui
708 459 819 519 quomodo
829 462 882 507 scin
892 459 1095 526 intumuerint]
1113 461 1156 511 Sc.

90 534 207 583 Acininm
216 531 313 595 οῄίιιιιι]
329 533 368 582 Ut
379 539 524 583 assumatur
535 546 590 580 rnr-
627 532 695 596 quod
714 544 804 582 auctor
825 534 862 581 irin
881 535 979 597 nuptiis
996 533 1080 585 faetus
1099 539 1158 600 sim,

56 623 112 669 sus,
125 609 228 670 operiat.
246 607 350 670 proprie
366 607 434 656 enim
449 614 552 657 veteres
564 613 591 656 et
627 607 695 671 quod
717 609 793 656 veiint
811 610 887 657 undio
906 611 1026 672 nppntnri
1046 614 1161 677 nuptias,

56 684 123 748 quit,
135 691 163 733 et
178 684 274 746 uliquis,
292 690 319 732 et
337 684 466 746 paisqnnm,
478 697 529 732 non
546 682 591 731 ob·
628 697 711 746 eaque
723 683 757 731 de
776 699 803 733 re
814 685 947 737 vobiscum
961 687 1046 735 omnia
1057 694 1159 738 transe-

56 758 202 808 setvabant
218 772 269 822 quo
289 772 396 821 genere,
412 766 458 807 aut
477 773 527 823 quo
546 772 591 807 nu·
629 759 719 822 gerim,
731 762 779 807 &c
798 761 929 811 Boecierue.

56 848 133 884 tuero
155 833 328 885 declinarent.
361 835 409 884 Est
428 849 490 897 ergo
508 833 592 898 figura
661 833 772 882 SPnter
788 834 865 883 hercle
882 836 929 898 ert]
953 837 1024 888 Quid
1043 844 1084 888 est
1102 839 1160 903 hoc,
1253 840 1256 847 '

58 911 200 976 dpxuimtde.
217 912 335 961 omno.
629 908 697 972 quod
710 909 790 958 Micio
801 910 926 961 timetur?
941 927 974 961 nn
985 913 1046 977 qnia
1059 913 1160 963 illinon

92 988 184 1038 &aus
207 1001 234 1037 ι’.
260 987 410 1036 'trochaicis
433 986 592 1036 tetrametris
628 983 831 1034 estconiesaus?
854 986 981 1035 Ostendit
993 995 1080 1037 autem
1092 986 1160 1037 Poi-

56 1063 222 1113 catalectet
238 1061 360 1112 iambicis
376 1071 480 1111 tetrum.
498 1062 592 1112 contai.
629 1065 666 1121 tr,
687 1059 839 1109 tantundem
862 1061 989 1124 pudorum
1009 1077 1095 1127 posse,
1116 1069 1162 1114 sut

58 1153 92 1188 ac
101 1137 334 1188 Senatiisconsiat.
352 1152 389 1185 vs.
401 1141 425 1184 i.
438 1136 500 1184 Mas.
512 1135 593 1187 nostri
629 1136 748 1198 amplius,
761 1151 835 1198 quam
848 1137 975 1185 timorem.
992 1137 1112 1189 Donatus.

60 1213 267 1272 omneszsnciio.
279 1220 324 1262 et:
340 1212 391 1261 inc
402 1217 456 1260 ocia
466 1217 531 1262 rasi.
553 1226 592 1261 vs.
660 1217 677 1260 4
695 1211 760 1266 Quid
776 1212 832 1261 duic
847 1213 887 1260 iric
903 1213 995 1274 nogotii
1009 1213 1058 1276 est]
1086 1213 1162 1263 Alius

58 1293 201 1339 &omnem
214 1288 324 1351 pulsauit.
340 1286 593 1349 vnoomneazipu
629 1286 716 1343 timor,
739 1287 807 1350 quod
829 1287 889 1337 hinc
916 1288 1051 1352 egreditur
1077 1284 1170 1352 pater.

58 1364 130 1416 nisi.
148 1379 184 1413 vs.
196 1368 236 1415 la.
252 1363 320 1413 dun:
337 1363 409 1427 putidi
435 1364 485 1412 Μι.
502 1362 593 1412 titini·
629 1362 704 1411 Idem.

60 1453 124 1495 saur.
139 1452 177 1494 rs.
189 1443 229 1489 14.
241 1452 339 1501 omnes,
355 1444 385 1487 ut
400 1437 445 1488 sd.
463 1438 512 1487 nisi
523 1437 593 1501 qnod
664 1439 730 1487 Tune
745 1439 787 1487 irus
800 1438 997 1503 pepulistisores]
1019 1439 1063 1489 Sic
1082 1439 1163 1503 ecapit

61 1529 112 1580 pro
121 1520 186 1567 cetto
196 1513 371 1563 habenioetue.
388 1517 476 1562 void.
487 1525 591 1562 omnes:
630 1513 799 1576 interrogare,
809 1520 840 1564 ut
851 1517 982 1580 negationi
1000 1517 1082 1565 iocum
1095 1529 1162 1578 proe·
1229 1536 1231 1541 ·

60 1592 124 1650 deta,
133 1597 160 1641 tri
170 1590 317 1653 virginemn.
326 1588 395 1639 duo:
406 1591 516 1650 dreini,
526 1595 554 1637 nt
564 1594 594 1636 et
631 1588 701 1638 beat.
733 1590 768 1637 Et
784 1596 846 1638 nota
857 1591 980 1654 pepulisti,
992 1591 1089 1639 alatum
1104 1602 1162 1638 ver·-

64 1663 594 1731 n.prec.va.aa.nnm:qoiripsaeaiunt.·
631 1663 710 1712 bum:
746 1669 775 1714 et
801 1666 904 1730 tragico
931 1668 1059 1716 cothurno
1081 1666 1162 1728 tnagis

64 1742 133 1793 duo:
146 1743 204 1806 guid
214 1743 371 1792 isiuscenm.
388 1744 475 1789 vr.28.
487 1752 593 1798 omnem
632 1755 706 1804 quam
727 1741 836 1804 loquelae
855 1742 963 1793 comicae
980 1740 1161 1791 accommoda·

62 1825 94 1869 tri
109 1817 154 1868 ed·
176 1832 214 1867 rs.
229 1821 270 1868 88.
285 1817 355 1866 duo:
377 1813 595 1864 innormatum
632 1822 683 1863 tur.
701 1814 776 1864 Idem.

63 1894 123 1943 sine
132 1892 238 1956 copula.
256 1905 292 1940 vs
309 1895 350 1940 82.
366 1903 469 1938 ornnes:
488 1888 529 1951 ιιι·
541 1901 595 1937 eust
666 1888 748 1951 Toeet]
766 1888 826 1939 Hoc
844 1890 913 1953 apud
930 1904 959 1939 se
977 1888 1092 1954 loquitur
1109 1889 1162 1940 Mi·

61 1967 237 2018 iiiacmeusur'i
245 1965 321 2029 ptius.
338 1979 375 2013 vs.
390 1967 432 2012 83.
443 1963 494 2011 dnn
505 1977 512 2010 :
523 1965 595 2012 amsi.
632 1962 681 2013 cio·
698 1963 774 2014 Idem.

65 2059 106 2094 ua.
117 2046 159 2092 86.
170 2042 235 2092 duo:
252 2041 304 2104 gnis
312 2038 445 2103 despondit,
456 2039 543 2101 siquis
552 2039 594 2087 ds·
664 2043 680 2088 ὅ
699 2041 779 2090 Tucci.
789 2055 832 2090 cur
841 2057 888 2090 non
899 2041 966 2104 iudo]
990 2043 1026 2092 Et
1039 2041 1084 2092 iric
1100 2053 1164 2107 quo·

64 2115 123 2170 atti
140 2131 191 2166 vas.
208 2121 250 2167 48.
268 2119 309 2168 44.
321 2130 402 2166 uuus:
418 2114 528 2177 sedquid
538 2115 595 2162 AEs-
632 2129 682 2178 que
694 2129 726 2164 ex
737 2122 801 2167 rucei
814 2118 918 2168 ridetur
935 2117 1083 2168 elidendum
1098 2124 1110 2168 t
1125 2118 1164 2169 ui·

65 2193 212 2245 uninomina
222 2207 275 2242 curu
289 2192 355 2241 iilis?
383 2205 418 2239 vs.
433 2194 475 2239 47.
490 2203 595 2239 omnes:
634 2191 738 2244 timum:
757 2202 787 2242 ut
806 2193 841 2243 sit
860 2202 1008 2258 anapestus
1028 2195 1054 2243 in
1072 2194 1166 2258 prima.

64 2272 208 2334 omipcier.
234 2282 272 2318 vs.
284 2271 326 2334 48.
339 2281 403 2314 unus
416 2265 515 2314 omittit
523 2264 596 2327 prius
634 2265 753 2316 Fuimus.

64 2361 112 2397 aas.
128 2346 197 2395 aiter
212 2342 339 2407 posterius
356 2347 440 2390 mutui
457 2341 483 2388 in
500 2345 533 2390 te.
557 2354 596 2388 ra.
668 2343 751 2406 Tucci]
772 2344 878 2393 Conscii
894 2343 980 2393 snbits
997 2342 1166 2406 deprehensi,

64 2429 108 2474 56.
123 2421 176 2471 duo
196 2421 319 2468 omittunt
336 2415 464 2480 posterius
481 2415 597 2477 nunquid.
630 2421 662 2479 et
673 2429 707 2463 ex
717 2418 856 2479 improviso
867 2418 950 2478 rogati
962 2423 1059 2466 incunt.
1072 2416 1165 2479 Diphi-

66 2503 96 2548 ct
113 2508 164 2560 pto
181 2499 233 2544 inte
250 2495 320 2544 alter-
336 2497 385 2541 ium
402 2491 491 2540 habet.
509 2501 547 2539 rs.
556 2494 597 2540 uu.
635 2490 683 2539 ius.
703 2491 732 2539 Ἦ
743 2491 836 2541 σύνεσις
851 2492 936 2544 αὐτοὺς
947 2489 1094 2542 &doemone
1109 2488 1166 2540 eiam

66 2569 255 2633 ontnas,ated.
266 2583 304 2617 vs.
313 2572 597 2628 commemoraremus
634 2567 703 2616 ποιεῖ.
720 2567 864 2618 Fomnbt'nt.

66 2663 181 2704 werram,
192 2651 221 2696 et
238 2660 275 2696 vs.
291 2649 332 2694 66.
342 2648 418 2707 ροισι.
441 2656 479 2692 vs.
489 2646 530 2691 68.
548 2641 598 2690 Ar·
668 2642 988 2706 communicando]
1003 2641 1165 2705 Spectstuti·

66 2717 598 2788 gent.qttidudiiiieiomisaoMiict.unua
636 2714 683 2763 bus
703 2716 801 2766 indicat
820 2732 894 2766 snum
913 2718 1046 2767 consilium
1068 2716 1166 2776 minim

65 2813 200 2851 uteorum:
212 2789 512 2860 quu,aiintMiununi
528 2791 596 2842 duo:
635 2789 697 2854 iuro,
709 2791 802 2841 Podta.
820 2792 894 2855 cuiun
911 2793 1042 2856 ingenium
1060 2793 1167 2856 egregie

66 2891 99 2926 ne
108 2889 183 2924 motu.
199 2869 341 2921 Boecierus.
635 2866 678 2914 hic
690 2867 785 2917 eiucet.
808 2868 900 2929 Pater,
912 2869 994 2930 qualis
1005 2868 1087 2916 Micio
1099 2875 1167 2929 emt,

103 2948 224 3002 litorii
236 2948 300 3009 dixi,
314 2942 522 3006 mendositate]
546 2941 599 2992 Hic
638 2941 775 3003 objurgare
796 2955 847 2990 noa
869 2943 956 3005 potnit
976 2940 1075 2991 filiurn:
1103 2957 1166 3004 ergo

68 3033 182 3090 apparet
193 3023 333 3073 Micionem
340 3021 396 3084 jsm
404 3017 601 3068 multudixisse.
636 3015 815 3071 diuidendae
825 3014 936 3063 deludit.
954 3029 1005 3063 non
1016 3015 1111 3064 acerbo
1123 3019 1168 3067 iiis

67 3106 190 3155 nmina.
637 3090 761 3139 irrisionis
772 3103 878 3152 genere,
888 3089 956 3153 quod
968 3091 1037 3140 omui
1048 3091 1169 3155 objurga·
1270 3125 1288 3145 κ

103 3179 146 3227 Ite
156 3181 182 3226 td
192 3175 246 3225 dixi
254 3171 376 3234 Sosimin]
386 3167 601 3219 Videtnreiidcn·
638 3166 711 3215 tione
720 3171 748 3215 ct
758 3163 932 3228 castigatione
944 3166 1047 3228 gravius
1056 3174 1110 3228 est,
1121 3167 1167 3216 scd

69 3254 134 3304 dunt
150 3260 171 3309 t,
188 3267 221 3302 ex
242 3256 279 3313 ut,
299 3245 514 3315 quemadmodum
533 3245 602 3295 inira
637 3239 768 3290 lenissimo
779 3254 809 3288 sc
826 3240 995 3304 lepidissimo,
1005 3249 1033 3291 et
1049 3241 1121 3305 quasi
1135 3243 1168 3293 ad

70 3331 157 3393 primo
169 3341 244 3376 versu
255 3339 341 3376 scenae
350 3324 434 3373 tertiae
447 3328 520 3371 actus
528 3321 602 3385 quin·
638 3320 686 3368 hoe
697 3316 768 3366 facio
778 3313 890 3380 εἰρωνείας
908 3324 1063 3367 commento.
1080 3319 1106 3365 in
1118 3329 1169 3381 qno

71 3407 104 3457 ti.
122 3405 240 3455 Fuimus.
637 3390 794 3456 explicando
820 3391 951 3454 egregiam
977 3405 1039 3441 saue
1064 3406 1169 3455 operam

106 3483 148 3531 ito
158 3476 362 3539 admonitionum]
385 3477 426 3525 Ex
438 3473 538 3524 Donati
556 3487 601 3522 nn·
639 3470 755 3518 Donatus
766 3475 853 3516 nouat.
869 3467 999 3516 Bncismtt.
1091 3502 1100 3525 ,

70 3557 206 3608 notatione
226 3555 260 3605 ad
276 3554 377 3602 initium
395 3564 481 3599 scente
501 3561 601 3612 praece·
669 3545 760 3594 Melino
778 3542 826 3604 eei]
850 3543 886 3592 Et
906 3557 967 3604 non,
984 3544 1064 3592 indere
1085 3543 1169 3592 bonust

72 3635 170 3696 dantia,
181 3631 287 3694 colligas
301 3631 366 3678 irnnc
383 3641 434 3676 ιιοιι
454 3632 601 3688 separatam
638 3627 691 3671 eoi:
707 3621 754 3670 aed
765 3617 855 3669 nnius.
871 3625 898 3668 et
913 3618 962 3667 unc
975 3620 1081 3668 meliore
1094 3617 1171 3667 affec·

72 3725 131 3760 esso
142 3721 256 3757 scenam.
273 3713 314 3755 ast
332 3712 419 3754 teman
438 3702 533 3752 idonea
549 3701 601 3750 dis·
640 3705 669 3747 tu
680 3696 756 3758 dixit,
768 3710 844 3760 quam
854 3694 878 3744 ai
896 3694 1008 3758 diceret,
1020 3697 1109 3756 dignus
1124 3699 1171 3747 est.

73 3782 210 3848 tinguendi
222 3782 296 3831 ratio.
311 3780 441 3828 Bnclerne.
639 3774 765 3823 Donatus.

106 3865 123 3910 2
141 3858 236 3920 Facite]
259 3856 341 3907 dubet
359 3856 401 3903 vel
420 3867 518 3902 securae
539 3853 603 3912 sint,
672 3854 688 3898 6
705 3849 760 3897 Hor
770 3862 887 3910 nunquam
897 3847 958 3897 nidi
968 3848 1019 3910 ipse
1034 3846 1110 3896 voluit
1120 3860 1170 3895 ere-

74 3915 118 3988 rel
130 3935 256 3985 adornent
267 3931 379 3995 nuptias.
399 3932 518 3978 Donatus.
640 3923 707 3986 dere]
725 3924 822 3973 Contra
831 3922 980 3987 iilud,quod
991 3922 1038 3983 ait,
1047 3923 1055 3950 ‘
1065 3922 1171 3993 Postre-

107 4015 163 4073 Ego
187 4009 327 4061 AEecirinum
348 4001 510 4065 cortonu'tnn]¹
526 4002 605 4063 Mire,
641 4014 683 4049 mo
695 3999 740 4048 aiii
758 3999 902 4048 clanculum
917 3998 1012 4047 Patres
1029 4011 1088 4060 qun
1108 3995 1171 4047 faci·

75 4097 230 4138 occursurus
241 4083 370 4143 AEscirino,
381 4080 527 4130 AEocninnm
537 4092 605 4141 qttae·
641 4081 700 4135 unt,
712 4089 769 4138 qnae
780 4074 833 4124 fert
842 4073 1025 4133 adolescentia,
1038 4074 1076 4123 En
1084 4087 1118 4122 ne
1129 4087 1170 4123 ms

76 4166 119 4213 rit.
137 4164 210 4214 idern.
378 4172 380 4177 ·
644 4151 721 4212 celet,
748 4146 898 4199 consuefeci
926 4147 1026 4198 filium!
1068 4148 1170 4198 Credere
