2676 4710
185 313 271 382 1038
533 327 640 379 noun
662 328 862 378 vaaronuu
887 328 927 378 ιιι

184 474 233 524 lroe
242 486 293 522 noo
304 471 425 522 convenit
434 432 522 522 senem
532 470 630 523 dicere.
662 473 711 521 Ias·
752 469 787 519 de
797 471 845 520 boc
856 471 924 520 enim
935 469 1105 521 dubitmdom
1122 475 1189 535 eret,
1197 486 1229 523 ιι
1241 473 1280 525 lta

186 551 256 615 gitur
267 556 294 599 et
303 551 384 611 mallo,
393 548 442 599 boc
452 555 501 610 est,
511 548 615 611 damno,
624 562 714 612 repre·
753 546 994 597 Latioediceretur.
1018 547 1086 597 Nam
1094 547 1280 614 quibusexpra·

184 625 280 687 hendo,
304 624 373 688 qnod
395 624 417 673 si
437 633 487 688 est,
513 624 713 688 intelligeretur,
751 622 878 672 brotioest
892 624 1044 686 oitspemtis,
1056 623 1148 674 eodem
1167 626 1281 677 tendunt

183 716 235 751 non
247 700 342 749 nollem
351 698 458 751 factum.
491 701 576 750 Nemo
587 701 657 750 enim
667 715 712 762 po·
751 699 777 748 in
789 715 919 763 persona;
937 703 1054 764 quamvis
1065 701 1185 764 syntaxio
1195 718 1281 753 coreo·

186 774 491 837 tesolaotominl'eotnm
510 775 628 826 reddere.
660 777 712 826 Sed
750 775 814 825 dare
841 777 959 840 cupiant.
993 778 1052 827 Non
1074 779 1154 841 igitur
1184 780 1279 844 exigor

185 852 462 903 edvsrbialiterdixit:
480 859 510 902 ut
521 851 648 914 diemoa’
656 853 712 901 nol·
750 853 850 903 ratione
863 868 922 903 usos
930 861 970 905 est
982 855 1025 904 Fr.
1033 854 1199 918 Goyetos,ut
1207 857 1280 921 lege·

184 928 236 979 lem
252 926 368 989 iactam,’
384 930 498 977 ‘nollem
513 929 582 977 hunc
597 927 712 978 exitum!
749 935 802 990 ret,
818 929 947 980 ίιιιιιιιιιιιι·
962 931 985 981 b.
995 945 1020 980 v.
1031 932 1049 980 l.
1060 932 1224 995 Eograpbins
1241 938 1281 982 ta·

185 1004 256 1068 Ergo
267 1005 330 1053 boud
345 1003 525 1062 matosoatsmr
540 1017 591 1054 non
601 1005 713 1069 poenitet
750 1018 810 1054 roeo
820 1019 871 1056 non
883 1007 986 1057 videtur
1004 1007 1136 1058 dubitasse
1148 1008 1181 1057 de
1192 1007 1279 1072 pltrsrl

186 1078 448 1131 metretarum.
752 1081 864 1144 rnlqatar
882 1083 1016 1144 lectionis,
1033 1083 1135 1148 qnando
1152 1092 1278 1136 annotatt

218 1157 295 1207 Hosti
303 1154 476 1219 mosonium]
488 1155 547 1205 Non
559 1154 647 1219 itaque
658 1154 713 1207 iao·
749 1154 954 1209 ‘Beneficiorum
984 1160 1194 1209 commemoratio
1220 1174 1279 1212 cum

76 1236 81 1245 '
186 1233 260 1283 time
272 1233 396 1297 poenitet:
413 1231 577 1297 nequeenim
596 1246 645 1295 per
657 1246 714 1297 gra·
749 1233 904 1294 ostenditur,
920 1233 1015 1296 ingrati
1035 1235 1201 1298 exprobratio
1216 1235 1280 1286 disi·

185 1307 323 1359 titudinem
342 1313 411 1357 team
423 1307 515 1369 babeo,
529 1320 576 1356 eor
586 1304 712 1360 infectam
750 1305 811 1357 tor!
823 1307 1008 1370 ‘Exprobratio
1016 1307 1164 1372 ingrati,'et
1173 1311 1280 1373 ‘expro-

79 1382 93 1399 ‘
185 1385 272 1433 velim.
305 1383 407 1433 Liberti
417 1385 510 1446 ingrati
523 1384 549 1432 itt
560 1384 713 1435 servitutem
749 1381 835 1433 brutio
847 1384 1018 1447 immemoris,'
1033 1399 1084 1434 nna
1094 1385 1203 1449 phrasis.
1223 1388 1280 1437 De·

186 1459 385 1510 rerocebantur.
401 1459 713 1512 Sostomclaud.Vsler.
750 1458 891 1509 mosthenis
927 1459 1083 1510 sententiam
1114 1458 1278 1526 rapinam,

185 1536 259 1588 Max.
269 1537 286 1588 Ι.
297 1550 329 1587 ιι.
341 1551 366 1586 c.
376 1539 401 1586 d.
417 1535 495 1586 Alex.
506 1535 539 1588 ab
555 1537 632 1589 Alex.
644 1539 661 1588 Ι.
670 1552 713 1588 ιιι.
750 1547 810 1583 cum
831 1534 959 1585 similibus
981 1538 1025 1587 Fr.
1045 1535 1192 1600 Fabricius,
1218 1541 1280 1590 Lin-

185 1617 261 1665 asu.
279 1612 422 1664 Foraobies.
750 1609 914 1673 deobrogius,
922 1618 950 1660 et
959 1611 1002 1661 alii
1010 1619 1209 1664 annumerant.
1220 1614 1277 1664 cer-

218 1695 250 1740 tt
267 1690 296 1739 st
312 1691 359 1739 tibi
379 1690 437 1753 qaid
448 1690 507 1752 feci,
525 1697 568 1740 sat
581 1691 660 1755 facio]
678 1694 713 1743 Et
750 1691 835 1736 terum
854 1687 935 1737 Sosim
954 1687 1013 1738 buic
1034 1689 1178 1739 sententiaa
1195 1689 1279 1741 dictat

184 1763 278 1815 secisse
289 1780 327 1827 se,
342 1773 370 1815 et
386 1765 468 1816 adbuc
486 1765 573 1815 iacere
591 1767 715 1830 ostendit,
749 1759 821 1825 (nam
846 1769 874 1812 et
894 1772 986 1826 postea
1013 1766 1173 1830 mponoyei)
1195 1767 1278 1829 primo

185 1841 302 1905 quamvis
323 1856 382 1893 eum
396 1855 473 1891 mana
491 1841 613 1891 misisset.
629 1842 713 1891 Dm-
750 1837 854 1900 quidem
866 1838 975 1889 liberale
986 1840 1127 1902 ingenium,
1137 1857 1189 1906 qno
1202 1843 1277 1894 liber·

185 1920 233 1966 tas.
750 1918 832 1962 tatem
844 1915 953 1976 meruit,
964 1915 1059 1966 deinde
1071 1933 1185 1982 presens
1198 1917 1277 1969 affec-

213 1993 311 2042 Gaudeo
320 1993 350 2042 Si
357 1992 527 2057 tibiqsidfeci,
534 1992 646 2052 ostsooio
653 1993 714 2056 qnod
750 1988 797 2052 tio,
807 2003 865 2039 cum
876 1991 973 2055 ingrati
984 1993 1211 2056 exprobrationem
1224 1997 1278 2045 ani·

182 2069 437 2133 ploreot]Felicitatia
449 2077 500 2132 cst,
511 2076 540 2119 ut
551 2084 647 2133 eaquae
658 2068 713 2118 iac·
750 2065 830 2115 mide
844 2067 973 2131 principio
991 2069 1113 2119 orationis
1134 2071 1203 2120 senis
1225 2077 1277 2121 tam

184 2152 247 2195 tset
257 2144 376 2195 facienda
388 2153 457 2207 sunt,
468 2153 544 2210 grata
559 2145 620 2196 sint.
639 2146 713 2208 Quid,
750 2141 926 2206 alterepetito
938 2145 1149 2207 pertimescerem
1166 2147 1278 2211 deniqne

184 2221 347 2285 proaliquid.
364 2220 439 2271 Idem.
750 2220 853 2281 patroni
873 2221 1012 2284 ingenium,
1028 2223 1072 2271 cui
1095 2223 1211 2272 oratione
1232 2238 1278 2273 sna

219 2301 249 2346 ιι
266 2296 399 2347 Adversum
408 2298 444 2363 te]
457 2297 536 2363 Apud
548 2305 584 2362 te,
593 2304 622 2349 et
631 2313 713 2364 pene.
751 2292 922 2358 suffragatore
940 2311 998 2347 uam
1015 2297 1061 2362 qul
1071 2297 1201 2363 approbat
1212 2299 1277 2348 alte-

183 2381 221 2426 ιι,
238 2377 313 2427 rm,
750 2372 892 2436 riosdlctn,
907 2373 969 2437 qnid
981 2373 1061 2432 eliud,
1078 2387 1154 2438 quam
1173 2381 1278 2424 senten·

217 2452 359 2515 Adversum]
374 2452 436 2502 Sine
458 2451 539 2502 dnbio
560 2452 712 2516 propositio
751 2448 814 2498 tiam
830 2448 864 2498 ab
885 2450 930 2499 illo
946 2456 1083 2513 acceptam
1101 2449 1213 2499 absolvit
1231 2456 1277 2499 ant

184 2534 236 2578 est.
268 2529 390 2577 Adaeum
399 2528 565 2591 participium
577 2535 664 2589 potest
672 2542 712 2576 es·
749 2525 864 2586 repetit?
881 2525 993 2574 Itanum
1005 2532 1082 2588 pater
1098 2525 1218 2575 laudaret
1229 2524 1280 2575 lili·

185 2617 223 2663 se,
232 2603 264 2652 ab
276 2603 384 2667 eoquod
396 2608 437 2651 est
445 2605 552 2664 adserto,
563 2603 630 2651 sicut
642 2602 711 2651 alibi.
749 2612 802 2658 ιιι,
813 2599 880 2663 quod
892 2614 926 2648 ex
944 2600 1036 2650 etudiis
1047 2601 1206 2665 juvenilibus
1224 2615 1277 2650 mo·

184 2678 256 2741 Ergo
265 2680 389 2728 ιόιιιιιιιι
399 2683 423 2728 te
432 2677 508 2741 dixit,
523 2692 571 2742 pro
588 2678 658 2742 spnd
676 2685 711 2727 te.
749 2674 810 2723 dnm
822 2683 933 2738 teneret,
943 2684 1116 2740 opportunum
1127 2677 1208 2726 Sosin
1220 2686 1278 2728 erat

185 2753 261 2802 Idem.
750 2753 907 2802 sententiam
928 2754 1073 2816 succinere,
1091 2761 1137 2804 ‘ut
1158 2769 1191 2803 ne
1214 2754 1278 2818 quid

217 2835 248 2880 lo
265 2831 330 2881 Nom
341 2831 425 2881 istbaec
435 2831 620 2881 mmmmm
636 2831 713 2888 Quasi
748 2829 823 2878 nimis
832 2830 848 2878 :’
864 2845 922 2880 curn
935 2831 1064 2896 ingenium
1075 2831 1121 2882 filii
1131 2832 1162 2880 ad
1176 2847 1277 2896 prome·

161 2901 334 2971 'erprobntio
360 2912 405 2970 est,
423 2907 565 2956 ιἰιιιιιιιιιιιι
593 2907 711 2972 beneficii]
748 2903 1276 2958 rendrmlromioumvolontatemetami-

183 2985 316 3046 Donatus,
328 2985 336 3012 ‘
346 2983 424 3047 snot,'
435 2984 530 3049 inquit,
541 2989 548 3013 ⁴
561 2983 605 3048 qui
623 2984 656 3033 ad
667 2983 711 3033 be·
749 2981 836 3031 citiam
845 2980 941 3032 factum
960 2983 1130 3044 describeret,
1137 2984 1193 3046 jam
1206 2984 1277 3035 dicta

183 3058 304 3110 delicium
316 3058 433 3109 referunt
452 3060 599 3110 immemor:
614 3068 644 3108 ut
658 3074 710 3108 me·
748 3064 814 3119 snt,
831 3074 888 3125 qum
904 3060 1043 3124 enbjlcitur
1055 3059 1194 3119 sententia,
1212 3058 1277 3109 ‘ob-

182 3150 280 3186 morem
289 3136 399 3188 Jnnonis
415 3136 450 3186 ob
460 3137 539 3186 iram:
557 3142 588 3186 ut
605 3136 639 3185 rit
653 3150 711 3185 sen·
748 3135 865 3198 sequium
883 3137 978 3185 amicos
995 3135 1063 3198 parit
1072 3134 1089 3184 ι’
1106 3149 1163 3183 eum
1183 3134 1275 3184 hones·

183 3226 242 3261 sus:
253 3212 349 3261 isthaec
357 3213 575 3276 commemoratio,
586 3213 659 3274 quasi
670 3217 711 3261 est
748 3219 801 3260 tam
813 3211 955 3261 orationem
966 3209 1012 3260 lilii
1029 3209 1166 3271 fateretur,
1182 3210 1204 3258 si
1223 3223 1276 3259 ser·

181 3287 349 3351 exprobratio
366 3287 521 3337 immemoris
537 3286 667 3349 beneficii,
683 3287 710 3335 id
748 3294 834 3338 vatam
851 3302 904 3338 ase
922 3287 1094 3352 diceret,qnse
1106 3287 1193 3351 perire
1205 3289 1276 3338 vole·

182 3370 234 3427 est,
255 3363 331 3428 cujas
353 3377 428 3414 nemo
455 3363 618 3413 meminerit!
651 3363 710 3412 Hoc
747 3361 803 3425 bet,
815 3377 864 3412 noo
874 3377 907 3413 ex
918 3363 1022 3427 ingenio
1037 3365 1118 3413 Sosius
1133 3365 1275 3426 sententia,

180 3452 275 3503 magno
286 3440 414 3504 applausu
428 3439 553 3488 hactenus
570 3454 587 3488 a
602 3438 710 3489 Lenito·
747 3438 794 3488 sed
812 3454 845 3487 ex
865 3440 985 3488 instituto
1001 3440 1123 3504 colloquii
1135 3441 1274 3491 sententies

182 3516 287 3580 graphia
311 3525 339 3566 et
362 3514 547 3580 interpretibus
573 3521 710 3578 acceptum
746 3513 829 3564 forma
846 3515 976 3565 nascitur:
994 3517 1032 3565 ‘si
1052 3516 1124 3565 illum
1141 3517 1274 3582 objurges,

181 3589 368 3657 detentumque
387 3601 443 3643 est:
472 3598 502 3642 ut
523 3599 593 3642 earet
610 3592 711 3642 seilicet
746 3589 861 3654 yltoequi
878 3591 999 3641 auxilinm
1015 3591 1093 3654 tulit:
1114 3593 1162 3642 &a
1195 3593 1274 3642 Sunt·

181 3667 302 3718 ιἰιιιιιιιιιιι
320 3668 464 3734 benficium,
480 3667 599 3728 immor
619 3668 709 3733 siem·
747 3681 798 3730 qne
815 3668 856 3716 bre
874 3670 1010 3719 sententiae
1027 3668 1083 3719 sere
1099 3669 1275 3732 belnpooavpi·

140 3752 144 3758 “
181 3742 236 3794 olor
254 3745 372 3795 ostendit
389 3751 476 3795 tamen
494 3745 579 3809 ipsam
590 3744 710 3809 loquendi
745 3759 797 3793 ror:
814 3744 903 3808 quales
923 3752 951 3796 et
970 3744 1070 3795 facilius
1092 3744 1225 3809 dicuntur,
1245 3755 1273 3797 et

181 3835 271 3885 genus,
293 3835 345 3885 quo
373 3821 490 3869 Donatus
513 3819 604 3882 utitur,
620 3820 708 3882 fuisse,
745 3818 868 3870 libentius
884 3820 911 3869 iu
928 3821 1031 3871 theatro
1051 3821 1198 3872 audiuntur.
1217 3823 1273 3872 Boe·

181 3897 224 3960 qni
247 3903 275 3947 et
293 3897 369 3946 aliter
385 3895 553 3960 acciperent;
569 3896 620 3946 irno
638 3897 707 3960 apud
745 3897 829 3946 darae.

180 3972 317 4036 plerunque
325 3973 403 4024 aliter
413 3980 548 4038 acceptum
558 3987 614 4023 etse
632 3988 708 4024 roca.
779 3972 844 4020 Nom
852 3971 920 4021 bico
932 3973 1129 4033 commemoratio,
1139 3972 1194 4037 irc]
1204 3971 1237 4024 ’ri
1246 3973 1273 4023 tt

180 4045 278 4097 bolum.
296 4050 431 4100 Nonauslt
444 4051 708 4116 sanealiquisdlcere,
744 4046 850 4100 vastatas
859 4049 1183 4114 elepqeolasluaprpvioanv
1190 4052 1273 4115 praeponi

180 4124 332 4186 exprobratio
347 4126 488 4177 immemoris
497 4129 520 4179 d.
531 4128 557 4176 id
568 4133 619 4188 est,
633 4128 708 4177 bomi·
744 4129 791 4177 deis
801 4126 980 4189 ὅμοιόνέστιτῷ
990 4125 1115 4190 herbifero.
1133 4129 1272 4178 Demosth.

180 4201 579 4266 mtmcqqnmmtaerit
589 4203 708 4272 melicii:
745 4203 1018 4270 οιιιΙρ1ι.Ριιιιιιὸιίι.
