2676 4710
202 290 290 357 120⁴
549 304 658 354 norm
683 303 884 354 vnurouusr
908 305 949 355 nr

200 457 238 505 cei
258 453 328 509 cion,
349 452 385 500 oei
405 448 524 513 mmo]
553 449 664 499 Videtur
683 449 727 500 hic
764 462 834 511 με
845 463 890 496 ne.
905 447 989 497 Iden.

200 531 324 583 iambicus
333 526 729 591 septenniusesse,iuusitstum
799 526 846 573 Coi
864 526 943 587 sugit
963 525 1029 574 tm
1044 522 1198 588 felicitates]
1217 523 1284 588 Doro,

201 602 575 674 genuuegoputolegeudum
595 604 681 652 λαις
699 610 728 652 et
764 616 874 665 mogun.
908 601 983 651 Nure
999 607 1089 650 nutem
1102 599 1284 665 dixitmsgnr

200 690 227 737 iu
247 688 297 748 ipse
314 699 365 734 uon
383 682 528 734 sscieudurn
542 684 727 748 synsloepirsm.
764 678 906 730 felicitates
928 680 978 729 ribi
999 679 1155 742 eduorum
1180 680 1284 745 eoquod

200 763 315 812 wrm.
765 757 891 819 virginem
922 762 1002 805 toute
1034 756 1239 819 pulchritudiuis
1261 771 1285 805 er

232 837 728 901 Hmteniitirciui,oelcionr‚oripre·
765 834 846 882 oculis
869 833 992 882 omiserit.
1024 834 1095 883 Num
1118 833 1217 883 vidisse
1233 848 1286 895 ern,

200 913 325 972 curiosae
343 913 436 976 trudas]
453 915 589 963 Donatus:
613 913 728 962 ‘Secum
764 909 898 960 felicitatis
913 911 1033 974 judicat:
1053 909 1101 960 red
1115 912 1240 973 omisisse,
1252 911 1286 959 ud·

200 989 261 1037 ditm
274 989 326 1052 jus,
344 1003 402 1038 uum
415 990 453 1038 his
465 989 545 1038 tribus
562 988 672 1054 (modis)
682 990 728 1037 sii·
765 1002 845 1037 verse
854 987 998 1038 felicitotis.
1020 989 1057 1038 Et
1068 987 1286 1052 quoddonoedirit,

200 1064 262 1129 quid
279 1067 347 1113 mole
360 1063 411 1113 tide
424 1064 585 1127 possidetur:
604 1065 640 1126 ri,
651 1065 727 1125 elom,
764 1066 805 1114 rel
818 1081 929 1128 mogun,
946 1067 988 1115 rel
1003 1065 1090 1114 nimia
1107 1065 1286 1130 intelliguntur.

200 1140 335 1204 precario!
359 1142 407 1190 Est
418 1148 504 1190 entem
516 1140 598 1204 figure
610 1141 729 1203 αὐξητικὴ,
763 1142 813 1190 Vel
831 1142 937 1190 iridem
953 1149 993 1191 est
1011 1142 1151 1206 proprium
1167 1149 1196 1192 et
1209 1156 1286 1207 perpe·

200 1232 250 1283 quo
272 1217 388 1282 potiendi
413 1218 544 1281 cupiditss
566 1219 729 1282 exprimitur,
765 1218 1110 1269 tuorut‘eiieitotum.1derr.

199 1308 251 1358 quo
263 1294 324 1358 jure
341 1309 424 1358 qusre
438 1294 539 1358 injuris,
558 1309 605 1358 per
625 1293 665 1344 fos
682 1302 728 1345 ont
797 1294 948 1358 Felicitates]
973 1295 1091 1345 Felieitcs
1117 1294 1230 1344 adverso
1248 1300 1287 1350 eutr

198 1367 280 1421 nefus.
321 1370 446 1419 Horatius
466 1370 574 1420 eundem
588 1372 657 1435 juris
676 1369 728 1420 for·
763 1382 865 1419 comer
876 1370 1286 1436 prosperitstc,quodindutnsr·

198 1449 292 1496 muium
301 1448 405 1497 uberius
415 1448 601 1511 explicitumst
611 1449 728 1511 proprie·
763 1444 842 1494 citur.
860 1446 936 1495 lderr.

199 1524 249 1572 toti
260 1524 390 1587 opposuit,
408 1523 454 1572 hos
475 1522 624 1587 possidendi
636 1523 726 1573 modos
796 1520 873 1570 ΒΜ
887 1522 1031 1585 seiieitotes]
1050 1522 1174 1585 'Euporo
1201 1530 1248 1583 est,
1262 1536 1286 1570 rs

200 1599 285 1663 Epist.
295 1613 326 1650 ιι.
337 1604 362 1649 2.
380 1600 531 1663 ‘Trnqusm
542 1601 584 1650 sit
595 1602 727 1664 proprium
763 1595 1115 1661 quodseiicr'totospluroiiter
1125 1599 1221 1662 posuit
1236 1595 1287 1645 'est

199 1675 345 1740 quiequam,
355 1682 450 1738 puncto
459 1676 527 1739 quod
538 1675 727 1738 nubilimons,
763 1675 819 1722 dero
839 1682 926 1723 sutem
946 1673 979 1724 de
997 1675 1081 1724 tribus
1092 1676 1181 1723 causis
1192 1674 1285 1723 numiui·

199 1751 278 1800 Nune
299 1765 388 1815 prece,
405 1765 473 1799 nuuc
492 1752 587 1814 pretio,
604 1766 672 1800 nnnc
692 1755 728 1814 ri,
764 1747 811 1796 bno
828 1748 972 1799 odduotur:
992 1750 1168 1813 discretionis,
1184 1749 1286 1813 proprie·

198 1840 268 1876 nune
280 1834 351 1876 sorte
370 1840 489 1890 supremo
500 1826 637 1876 Permutet
646 1827 727 1875 domi·
763 1824 837 1889 tetis,
868 1834 983 1875 ornetur.
1032 1826 1225 1875 Discretionis:
1255 1832 1286 1886 ut,

198 1916 255 1963 nos,
270 1910 298 1951 et
316 1902 392 1951 cedet
409 1904 435 1951 in
453 1903 535 1952 nitere
547 1902 627 1965 juro!
659 1903 726 1953 Vide
762 1899 907 1964 ‘Phrygi-
928 1901 1046 1950 molimur
1068 1902 1202 1951 moutibus
1222 1899 1287 1951 mo!

198 1978 217 2028 l.
239 1992 310 2026 xxrr.
330 1979 369 2026 De
391 1977 498 2042 Acquir.
516 1979 569 2026 Per
584 1978 661 2028 Dom.
682 1979 726 2028 ubi
762 1978 953 2043 Proprietstis3
965 1980 1155 2043 ut‚‘'l'erribiii
1166 1981 1286 2044 impexum

199 2055 328 2117 Ulpianus
347 2055 381 2114 ri,
400 2054 476 2118 clam,
494 2054 613 2118 precorio
635 2054 726 2105 itidem
762 2063 819 2104 sete
830 2061 857 2104 ot
868 2055 988 2105 dentibus
1000 2055 1084 2105 ouis?
1118 2055 1246 2119 Ornatus,
1255 2062 1288 2117 nt,

197 2131 338 2194 conjungit.
355 2130 484 2179 Boecierrrr.
761 2131 867 2180 ‘Alme
888 2132 977 2182 Venus
1003 2133 1114 2197 Phrygii
1144 2134 1237 2197 genuit
1253 2133 1287 2183 st.

230 2210 263 2255 28
274 2207 329 2255 Meu
337 2205 398 2256 uitii
406 2206 490 2267 refert,
498 2207 554 2255 dont
562 2204 642 2269 potior
648 2205 727 2270 ruodo]
762 2205 874 2257 ruoiiutis
885 2206 919 2255 od
931 2207 1044 2257 nudum!
1062 2209 1143 2258 Iden.

198 2283 260 2332 Nou
274 2282 323 2331 hoc
340 2296 458 2346 personne
470 2281 664 2330 ottribueudum
676 2289 726 2344 est,
794 2290 827 2334 st
845 2286 909 2342 Quid
930 2287 973 2335 troo
993 2292 1029 2335 est
1048 2288 1160 2351 ueteris]
1185 2288 1288 2350 Propter

196 2359 243 2408 sed
255 2356 372 2419 effectui,
388 2373 439 2407 nou
458 2358 526 2406 enirn
543 2358 603 2422 quio
619 2358 726 2408 cuore·
761 2361 811 2410 hoe
827 2362 896 2427 quod
915 2362 1008 2426 potior,
1024 2363 1117 2426 iuquit.
1137 2378 1208 2413 uuuc
1226 2363 1286 2413 euin

198 2443 253 2485 est:
271 2435 317 2485 sed
339 2435 399 2499 quio
419 2442 528 2497 ametor,
549 2434 582 2485 de
603 2449 631 2484 se
652 2436 726 2498 cupit
762 2440 847 2488 secius
858 2440 1017 2490 dicitusese
1028 2440 1204 2490 commissum.
1219 2442 1287 2490 Iden.

197 2510 284 2561 facere
302 2511 514 2575 quemadmodum
531 2511 656 2575 potietur.
672 2513 724 2562 Do-
796 2516 956 2571 Quidiocest
967 2514 1074 2577 aleris]
1093 2515 1212 2565 Domum
1221 2515 1286 2565 ct·-

196 2593 274 2637 nutru.
761 2605 813 2643 ren
834 2592 890 2642 heo
910 2595 989 2641 verbo
1013 2590 1117 2642 tribuit.
1138 2594 1242 2643 merito.
1261 2607 1283 2641 r.

230 2667 263 2712 29
280 2661 360 2719 Quid?
387 2662 471 2724 Virgo,
492 2662 546 2722 eurio
566 2661 613 2725 est]
628 2662 724 2714 Utrum
762 2665 1001 2729 Gnyet.Boeclerss.

198 2753 282 2800 sens,
294 2753 326 2787 su
338 2738 406 2788 filio?
424 2740 499 2788 idern.
793 2744 825 2789 tt
843 2742 1032 2792 Archidemidem
1051 2742 1157 2806 mnin’]
1180 2743 1238 2794 Hoc
1255 2742 1287 2791 ric

229 2818 261 2863 8⁰
279 2816 318 2864 Ne
329 2816 354 2863 id
364 2815 466 2878 quim]
480 2814 723 2879 Pulchrorurietns,
761 2817 983 2878 pronunciandum
1004 2824 1055 2880 est,
1073 2828 1105 2867 ut
1119 2826 1287 2884 apparenter

198 2890 293 2948 Nescio,
307 2891 467 2954 Turenum,
481 2891 521 2939 Ne
532 2891 557 2939 id
567 2892 665 2954 quiden.
682 2891 723 2942 ld.
760 2890 818 2954 ipso
836 2893 939 2942 nornine
958 2893 1056 2952 stetim,
1071 2893 1192 2944 odiosum
1208 2895 1288 2944 nescio

230 2967 387 3025 Quorutione
395 2967 489 3030 misisti]
502 2967 597 3031 Figuro
607 2967 726 3034 συγκοπὴ,
761 2980 837 3030 quem
866 2968 1009 3017 occurrisse
1037 2983 1067 3017 oc
1095 2972 1285 3032 permolestum.

197 3045 366 3106 promisisti.
382 3043 466 3093 Idem.
761 3044 885 3094 Donatus.

230 3117 508 3181 Quorotr'oneumr'sirtr]
523 3117 612 3167 Sinon
624 3132 723 3168 remon·
792 3122 925 3184 AEpnoiem,
946 3122 1001 3185 tm]
1029 3123 1196 3188 AEqunvnm,
1217 3131 1287 3174 utute

195 3192 272 3242 sisset
289 3193 405 3254 Chaerea,
421 3194 467 3244 sed
481 3202 635 3244 consecutur
647 3196 723 3260 virgi·
763 3210 859 3260 parem.
876 3199 1017 3249 Fornodim.

195 3267 722 3333 uemvidisset,quodeductuessetpriur‚
794 3273 896 3337 Quidni]
913 3275 1052 3338 Correptio
1062 3282 1103 3324 ert
1116 3275 1150 3324 nb
1168 3290 1198 3325 se
1214 3275 1286 3325 moui·

195 3359 271 3409 quam
282 3344 472 3394 Parmenonem
491 3345 654 3405 conveniret,
671 3360 722 3394 non
759 3348 829 3398 festa
846 3349 1009 3414 inquirentis.
1042 3352 1090 3400 Est
1110 3351 1181 3400 enim
1197 3365 1287 3411 seusus,

194 3421 233 3470 ito
245 3420 401 3485 procederet
416 3418 516 3482 fabula,
533 3425 563 3470 ut
579 3434 647 3469 nuuc
663 3436 722 3485 pro·
759 3424 830 3476 Quid
846 3425 906 3487 nisi,
926 3433 971 3475 snt
981 3440 1028 3475 cur
1038 3440 1090 3474 uon
1101 3427 1238 3476 noverim?
1251 3431 1285 3475 est

195 3496 275 3547 cedit.
300 3494 499 3546 Irruissetenim
510 3495 537 3543 iu
548 3496 721 3558 cognitionem
759 3501 828 3551 enim
847 3501 939 3564 quidni,
956 3509 1003 3551 sut
1021 3501 1082 3565 qnid
1102 3502 1163 3564 uisi,
1184 3509 1232 3553 out
1245 3516 1285 3552 cur

193 3573 339 3622 meretricis
361 3574 507 3635 importune
534 3572 652 3635 Chaeres,
674 3590 721 3625 uec
758 3591 819 3626 non.
847 3577 915 3628 Quin
933 3585 1035 3643 veteres
1052 3577 1079 3624 ni
1096 3592 1145 3640 pro
1163 3593 1194 3626 ne
1212 3591 1285 3642 pone·

194 3664 241 3712 pro
249 3648 373 3698 Eunucho
380 3647 554 3697 adduceretur
560 3649 720 3701 arretinum.
759 3653 830 3714 brut,
846 3662 913 3703 etue
924 3668 971 3718 pro
982 3669 1038 3702 non.
1057 3660 1085 3702 ut
1096 3653 1218 3717 Plautus,
1234 3651 1285 3702 ‘Ni
1329 3643 1330 3647 ¹

227 3730 258 3775 ³1
275 3725 306 3773 ld
319 3724 437 3788 equidem]
452 3725 538 3775 Deest
547 3725 585 3788 ob,
596 3731 642 3776 out
650 3742 720 3791 prop-
758 3729 839 3777 stulto
849 3728 901 3785 sis,'
913 3743 960 3792 pro
971 3742 1013 3778 ne.
1025 3734 1053 3777 et
1062 3741 1092 3776 ns
1101 3728 1163 3790 uuit,
1181 3743 1231 3792 pro
1240 3740 1285 3776 uon

193 3808 243 3852 ter:
256 3810 286 3852 ut
296 3803 340 3864 sit,
349 3801 377 3849 ob
387 3802 421 3863 rii,
433 3808 479 3850 out
485 3806 581 3864 propter
592 3804 626 3852 id.
638 3804 722 3857 Idem.
759 3805 823 3853 rult.
840 3805 960 3855 Donatus.

225 3881 320 3929 Mecum
336 3876 509 3940 stontuedodur]
526 3878 597 3928 Beue
616 3894 719 3930 mcum:
792 3879 901 3932 Nostin?
917 3882 949 3931 P.
960 3876 1060 3944 quidni?
1078 3879 1132 3929 Cn.
1149 3881 1248 3943 induor
1256 3895 1285 3929 rr·

192 3956 254 4018 quio
269 3955 392 4005 notiorem
409 3955 526 4005 dolorem
542 3955 660 4019 sustinet,
677 3958 720 4022 qui
758 3971 816 4019 quor
826 3958 896 4019 donc,
904 3958 939 4021 fit
951 3955 1010 4005 mitt
1022 3955 1126 4018 obuiusi]
1143 3956 1174 4005 Ia.
1188 3958 1284 4007 murno

193 4031 249 4093 ipse
260 4032 308 4080 sibi
319 4032 394 4081 irasci
405 4032 516 4094 cogitur.
543 4032 637 4082 Mscurn
648 4047 720 4096 ergo,
758 4033 953 4082 collocutionem
966 4033 1102 4081 verborum
1113 4031 1223 4093 hubent,
1234 4035 1284 4080 don

194 4106 599 4169 proupudms‚relmiiri.1dem.
757 4107 816 4156 itone
836 4122 925 4170 sequor.
942 4106 998 4169 sed,
1016 4113 1047 4155 ut
1067 4120 1156 4156 versus
1174 4115 1283 4165 constet,

227 4185 258 4231 ³2
284 4183 410 4233 Hominem
430 4199 477 4234 esse
496 4182 611 4249 orditror]
639 4184 721 4235 Deest
760 4183 1001 4248 collegendumert
1017 4182 1283 4245 minutiarum
