2676 4710
208 667 486 786 NOTAE
542 666 1073 790 VARIORUM

621 973 663 1021 ΙΝ

96 1205 154 1295 Ρ.
196 1210 525 1352 TERENTII
576 1214 742 1305 AFRI
793 1210 1185 1325 COMOEDIAS·
1264 1262 1279 1281 ν

482 1488 794 1510 ——-—-——-'-—-

538 1727 744 1796 ANDRIA.

126 1903 198 1955 AEnu
210 1907 320 1957 Douurr
332 1908 365 1957 V.
376 1909 405 1958 C.
415 1907 622 1960 OunnoursUn·
663 1911 805 1962 Euanthius
825 1913 851 1961 in
869 1912 1056 1981 commentario
1071 1909 1190 1962 Terentii

96 1997 137 2034 nra
147 1987 490 2052 Romm,Coo1nnrrruu1us]
502 1989 622 2038 Comrnen·
662 1986 695 2037 de
711 1987 808 2050 fabula,
822 1988 870 2037 hoc
888 1997 939 2050 est,
957 1988 989 2037 de
1004 1987 1139 2048 comoedia,
1151 1987 1190 2037 sic

95 2063 183 2111 terium
194 2065 263 2126 bunc,
274 2065 313 2127 qui
324 2065 390 2114 AEiio
402 2068 510 2114 Donato
523 2067 623 2115 Oretum
662 2064 733 2115 dicit.
759 2065 867 2128 Reliquos
878 2065 1008 2116 Charisius
1020 2065 1152 2127 Sosipater
1165 2066 1190 2113 et

94 2138 622 2204 urbicl.omaeodocribitur‚aicquiderniiiiue
661 2143 782 2191 Donatus
802 2141 851 2204 ipse
876 2141 903 2190 in
925 2142 988 2190 bisce
1011 2139 1191 2190 Commentariis

94 2228 143 2262 eree
159 2229 248 2277 censeo,
261 2221 288 2265 ut
307 2216 461 2277 integriorem
482 2217 555 2266 mutto
571 2231 624 2266 eum
662 2218 768 2266 nudant.
800 2218 836 2267 Ar
852 2217 965 2280 quidquid
981 2218 1023 2278 sit,
1039 2215 1190 2265 contantini·

95 2291 151 2338 olim
166 2291 343 2344 extitissemus
359 2295 452 2355 quidem
470 2293 547 2354 opinio
565 2292 624 2350 eitr
662 2293 1086 2353 murbocCatone,quiextuntorum
1095 2292 1192 2351 norpra-

95 2366 275 2427 puuienruutem
288 2382 350 2415 nunc
361 2367 479 2426 babemus,
495 2367 624 2415 Colleeta-
661 2367 705 2427 gio
732 2368 794 2415 uiue
818 2367 949 2428 periculum
970 2367 1070 2429 qualiter
1089 2366 1191 2429 qualiter

94 2452 143 2488 nea
151 2440 231 2503 potius
239 2441 289 2490 rice
301 2442 434 2504 Excerpta
452 2442 549 2490 dicendo
564 2455 624 2503 eree,
663 2441 747 2491 morit.
762 2442 975 2506 Lindenbrogius.

95 2531 164 2578 quem
174 2517 318 2579 ipsissimum
328 2518 426 2567 Donati
437 2531 501 2581 opus.
524 2517 554 2565 ld
563 2518 624 2580 quod
696 2519 727 2567 Ρ.
744 2517 849 2567 Terentii
863 2518 968 2582 Andria]
987 2518 1067 2569 Aiunt
1083 2534 1134 2569 non
1152 2519 1191 2570 ita

94 2586 193 2654 argine
204 2595 313 2643 uidentur
320 2595 459 2657 siequenter
469 2594 585 2655 ortuum,
599 2599 623 2643 et
663 2594 723 2643 olim
735 2595 858 2658 scriptum
870 2593 958 2656 fuisse,
971 2597 1027 2658 sed,
1041 2596 1135 2645 Andria
1145 2597 1191 2646 Te·

94 2671 154 2732 quud
166 2670 251 2718 totiens
262 2673 342 2718 eudem
354 2675 499 2733 repetuntur,
512 2670 623 2720 nonnuiiu
662 2671 743 2734 rentii,
760 2671 798 2721 ita
814 2679 843 2722 ut
857 2687 950 2721 nomen
968 2672 1072 2722 Fubulae
1089 2688 1190 2736 praepo·

94 2745 168 2794 etium
174 2759 260 2807 purum
269 2745 370 2794 dilucide
381 2745 535 2809 explicentur.
558 2745 623 2802 Quin
663 2755 769 2797 notetur
780 2748 875 2798 nomini
886 2748 988 2810 Poiitae,
1004 2749 1072 2813 quia,
1083 2751 1193 2811 scilicet,

94 2821 165 2871 etium
176 2822 350 2885 Hieronymus
360 2823 490 2872 Continent.
497 2823 523 2870 in
533 2823 622 2872 Ecclee
663 2823 774 2872 nondum
783 2823 947 2875 inclaruisset
953 2825 1099 2874 Terentius.
1113 2824 1190 2878 Quod

94 2914 144 2960 cup.
156 2903 179 2948 1.
190 2903 330 2960 attestatur,
343 2899 478 2948 Donatum
495 2903 622 2962 proecepio-
663 2906 690 2949 ot
700 2899 793 2949 fulsum
804 2907 844 2950 eat
855 2906 882 2950 et
896 2901 1067 2963 nugatorium,
1085 2915 1115 2948 ac
1134 2902 1191 2951 istis

93 2990 144 3024 rens
154 2989 231 3036 muru,
245 2990 297 3024 cum
312 2976 450 3026 rudentum
463 2977 539 3033 ilium,
551 2975 623 3026 Nihil
663 2975 792 3040 capitibus
800 2976 915 3040 dignum.
935 2975 1042 3025 Deinde
1052 2983 1113 3025 aute
1123 2976 1191 3027 bane

94 3060 135 3102 eat
145 3053 254 3112 dictum,
268 3053 336 3118 quod
349 3068 399 3102 non
414 3054 449 3102 sit
459 3053 557 3104 dictum
569 3052 622 3117 pri·
663 3052 787 3102 Fabulam
817 3052 879 3101 alias
909 3051 1017 3101 dederat
1040 3051 1191 3116 Terentius,

94 3143 134 3190 us,
154 3128 353 3193 interpretaretur
358 3144 368 3187 ‚·
384 3129 508 3192 Pereunt,
525 3129 624 3190 dictare,
664 3129 732 3194 quod
744 3142 819 3178 nemo
830 3134 889 3178 ante
900 3143 941 3177 me
956 3128 1146 3192 animadvertit,
1163 3137 1191 3180 et

95 3206 215 3269 quiante
233 3211 382 3256 noanostra
399 3203 531 3254 dixerunt.
564 3205 624 3261 Quoe
664 3220 715 3253 uno
730 3205 809 3254 verbo
825 3219 885 3254 mox
900 3204 1042 3255 ostendam.
1076 3204 1190 3263 Deinde.
1258 3243 1260 3247 .

95 3295 150 3329 noue
163 3281 232 3330 aerbo
248 3282 274 3329 in
290 3280 353 3329 biece
366 3280 546 3330 Commentariis
563 3295 624 3330 nunc
664 3281 725 3347 quid
735 3281 837 3331 isthuc?
861 3281 961 3331 Andria
969 3281 1093 3343 Terentii,
1101 3288 1130 3331 et
1141 3283 1191 3331 Te·

95 3355 190 3404 minime
202 3359 320 3417 leguntur.
352 3355 426 3420 Dein,
436 3371 488 3419 pure
496 3372 527 3404 ex
535 3355 623 3406 Probo
664 3359 741 3408 rentii
759 3357 868 3420 Andria,
885 3358 929 3422 qui
951 3356 1089 3411 differunt?
1123 3357 1191 3407 Ride

94 3435 117 3479 et
132 3431 187 3480 uiiis
202 3430 239 3480 bic
252 3430 402 3493 adferuntur,
417 3431 470 3497 quia
484 3436 581 3494 negaret
596 3445 625 3480 en
663 3434 750 3498 igitur.
777 3435 872 3483 Tamen
882 3433 1009 3497 Georgius
1019 3433 1152 3483 Fabricius
1162 3433 1190 3485 id

92 3507 223 3556 collectoris
234 3508 314 3570 potius
330 3506 417 3568 studio,
437 3522 506 3571 quum
525 3507 624 3557 Donati
664 3527 680 3560 a
695 3511 806 3562 librariis
817 3511 963 3573 neglectum
975 3508 1054 3558 fuisse
1066 3510 1190 3574 queritur.

88 3582 353 3641 tuditfflmrlsstwt?
387 3581 551 3631 Pmitrhtnt
562 3583 625 3632 enim
664 3589 782 3651 Causam,
802 3587 891 3649 credo,
906 3586 943 3635 illi
962 3586 1129 3649 praebueruut
1145 3602 1208 3636 cx·⁴

94 3664 116 3708 et
126 3655 185 3708 otior
199 3660 278 3722 plures
288 3663 376 3706 eertum
386 3662 423 3706 eet
433 3658 459 3706 in
473 3658 622 3708 Terentium
663 3671 755 3727 carpta
766 3664 811 3712 illa
822 3662 1045 3725 pseudomonafi,
1057 3663 1129 3727 queis
1141 3676 1190 3724 08⁰

96 3737 268 3787 Commentario
276 3736 624 3800 edidiseerEuanthinm,pu·
662 3739 1086 3789 interdumnibilvideoineulmm
1098 3736 1189 3800 magis.
1275 3751 1278 3754 ·

94 3819 126 3868 tu,
147 3811 289 3864 Aruutiuur
306 3814 421 3878 Celsum,
437 3812 555 3862 Flavium
574 3812 623 3861 Ca·
662 3815 695 3863 Id
706 3816 773 3878 quod
786 3829 873 3863 verum
884 3828 940 3862 esse
952 3811 1085 3863 ostendam
1094 3825 1152 3858 curu
1162 3811 1189 3861 iu

94 3903 179 3951 prum,
192 3889 330 3938 Heleuium
346 3889 484 3952 Acronum,
501 3888 623 3952 Asprum,
663 3889 759 3938 Urbem
768 3896 904 3949 venero‚ct
911 3887 1068 3948 locupletem
1077 3885 1189 3948 aliquem

93 3964 219 4027 Probum,
232 3965 375 4029 Nigidium,
392 3971 426 4030 et,
440 3966 463 4016 ei
478 3981 533 4015 uera
548 3965 624 4030 lectio,
664 3963 865 4027 Typograpbum
883 3959 945 4009 mibi
964 3959 1078 4010 nancisci
1099 3961 1189 4013 datum

94 4040 260 4092 Adesionem.
300 4041 339 4090 De
359 4041 499 4104 Euanthio,
516 4039 623 4091 Rufinus
662 4037 752 4088 suerit.
785 4037 880 4101 Neque
895 4035 1189 4088 enimnuncCommen-

97 4115 271 4166 Grammaticus
294 4119 323 4165 de
348 4117 438 4177 Matris
459 4117 623 4168 Terentiunia:
664 4116 744 4167 tarios
761 4112 904 4167 scribimus.
937 4113 1037 4165 Grandi
1056 4129 1107 4164 aere
1124 4129 1190 4181 opus

130 4196 218 4262 Deipir.
229 4203 253 4249 et
267 4198 325 4250 Vur.
335 4197 399 4250 ctae.
602 4197 697 4248 Terent.
780 4252 784 4259 ¹
1068 4199 1083 4244 3
1100 4195 1124 4245 Τ
